@mastersthesis{Sor14,
  author =        {S{\o}rensen, Mathias Grund},
  title =         {Controller synthesis for home automation},
  year =          {2014},
  school =        {Computer Science Department, Aalborg University,
                   Denmark},
}


@inproceedings{TA99,
  author =        {Tripakis, Stavros and Altisen, Karine},
  title =         {On-the-Fly Controller Synthesis for Discrete and
                   Dense-Time Systems},
  booktitle =     {{P}roceedings of the {W}orld {C}ongress on {F}ormal
                   {M}ethods ({FM}'99)},
  editor =        {Wing, Jeannette M. and Woodcock, Jim and Davies, Jim},
  publisher =     {Springer-Verlag},
  series =        {Lecture Notes in Computer Science},
  volume =        {1708},
  pages =         {233-252},
  year =          {1999},
  month =         sep,
  sort-month =    {090},
  acronym =       {{FM}'99},
}


@inproceedings{ORS14,
  author =        {Oualhadj, Youssouf and Reynier, Pierre-Alain and
                   Sankur, Ocan},
  title =         {Probabilistic Robust Timed Games},
  booktitle =     {{P}roceedings of the 25th {I}nternational
                   {C}onference on {C}oncurrency {T}heory ({CONCUR}'14)},
  editor =        {Baldan, Paolo and Gorla, Daniele},
  publisher =     {Springer-Verlag},
  series =        {Lecture Notes in Computer Science},
  volume =        {8704},
  pages =         {203-217},
  year =          {2014},
  month =         sep,
  sort-month =    {090},
  DOI =           {10.1007/978-3-662-44584-6_15},
  acronym =       {{CONCUR}'14},
}

@inproceedings{JLSO13,
  author =        {Jensen, Jonas Finnemann and Larsen, Kim Guldstrand and
                   Srba, Ji{\v r}{\'\i} and
                   {\O}stergaard, Lars K{\ae}rlund},
  title =         {Local Model Checking of Weighted {CTL} with
                   Upper-Bound Constraints},
  booktitle =     {{P}roceedings of the 20th {I}nternational {S}ymposium
                   on {M}odel-{C}herking {S}oftware ({SPIN}'13)},
  editor =        {Bartocci, Ezio and Ramakrishnan, C. R.},
  publisher =     {Springer-Verlag},
  series =        {Lecture Notes in Computer Science},
  volume =        {7976},
  pages =         {178-195},
  year =          {2013},
  month =         jul,
  sort-month =    {070},
  DOI =           {10.1007/978-3-642-39176-7_12},
  acronym =       {{SPIN}'13},
}


@inproceedings{BFM15,
  author =        {Bouyer, Patricia and Fang, Erwin and Markey, Nicolas},
  title =         {Permissive strategies in timed automata and games},
  booktitle =     {{P}roceedings of the 15th {I}nternational {W}orkshop
                   on {A}utomated {V}erification of {C}ritical {S}ystems
                   ({AVOCS}'15)},
  editor =        {Grov, Gudmund and Ireland, Andrew},
  publisher =     {European Association of Software Science and
                   Technology},
  series =        {Electronic Communications of the EASST},
  volume =        {72},
  year =          {2015},
  month =         sep,
  sort-month =    {090},
}

@article{BMS15,
  author =        {Bouyer, Patricia and Markey, Nicolas and
                   Sankur, Ocan},
  title =         {Robust Reachability in Timed Automata and Games:
                   A~Game-based Approach},
  publisher =     {Elsevier},
  journal =       {Theoretical Computer Science},
  volume =        {563},
  pages =         {43-74},
  year =          {2015},
  month =         jan,
  sort-month =    {010},
}

@article{LLTW14,
  author =        {Larsen, Kim Guldstrand and Legay, Axel and
                   Traonouez, Louis-Marie and W{\k a}sowski, Andrzej},
  title =         {Robust synthesis for real-time systems},
  publisher =     {Elsevier},
  journal =       {Theoretical Computer Science},
  volume =        {515},
  pages =         {96-122},
  year =          {2014},
  month =         jan,
  sort-month =    {010},
}

@article{AD94,
  author =        {Alur, Rajeev and Dill, David L.},
  title =         {A Theory of Timed Automata},
  publisher =     {Elsevier},
  journal =       {Theoretical Computer Science},
  volume =        {126},
  number =        {2},
  pages =         {183-235},
  year =          {1994},
  month =         apr,
  sort-month =    {040},
}

@inproceedings{DJLMT15,
  author =        {David, Alexandre and Jensen, Peter Gj{\o}l and
                   Larsen, Kim Guldstrand and Miku{\v{c}}ionis, Marius and
                   Taankvist, Jakob Haar},
  title =         {Uppaal Stratego},
  booktitle =     {{P}roceedings of the 21st {I}nternational
                   {C}onference on {T}ools and {A}lgorithms for
                   {C}onstruction and {A}nalysis of {S}ystems
                   ({TACAS}'15)},
  editor =        {Baier, {\relax Ch}ristel and Tinelli, Cesare},
  publisher =     {Springer-Verlag},
  series =        {Lecture Notes in Computer Science},
  volume =        {9035},
  pages =         {206-211},
  year =          {2015},
  month =         apr,
  sort-month =    {040},
  DOI =           {10.1007/978-3-662-46681-0_16},
  acronym =       {{TACAS}'15},
}

@inproceedings{CJLRR09,
  author =              {Cassez, Franck and Jensen, Jan J. and Larsen, Kim
                         Guldstrand and Raskin, Jean-Fran{\c c}ois and
                         Reynier, Pierre-Alain},
  title =               {Automatic Synthesis of Robust and Optimal
                         Controllers~-- An~Industrial Case Study},
  editor =              {Majumdar, Rupak and Tabuada, Paulo},
  booktitle =           {{P}roceedings of the 12th {I}nternational {W}orkshop
                         on {H}ybrid {S}ystems: {C}omputation and {C}ontrol
                         ({HSCC}'09)},
  acronym =             {{HSCC}'09},
  publisher =           {Springer-Verlag},
  series =              {Lecture Notes in Computer Science},
  volume =              {5469},
  pages =               {90-104},
  year =                {2009},
  month =               apr,
}

@inproceedings{EMP10,
  author =        {Ehlers, R{\"u}diger and Mattm{\"u}ller, Robert and
                   Peter, Hans-J{\"o}rg},
  title =         {Combining Symbolic Representations for Solving Timed
                   Games},
  booktitle =     {{P}roceedings of the 8th {I}nternational
                   {C}onferences on {F}ormal {M}odelling and {A}nalysis
                   of {T}imed {S}ystems ({FORMATS}'10)},
  editor =        {Chatterjee, Krishnendu and Henzinger, Thomas A.},
  publisher =     {Springer-Verlag},
  series =        {Lecture Notes in Computer Science},
  volume =        {6246},
  pages =         {107-212},
  year =          {2010},
  month =         sep,
  sort-month =    {090},
  DOI =           {10.1007/978-3-642-15297-9_10},
  acronym =       {{FORMATS}'10},
}

@InProceedings{PEM11,
  author =       {Hans-J{\"o}rg Peter and R{\"u}diger Ehlers and
                  Robert Mattm{\"u}ller},
  title =        {Synthia: Verification and Synthesis for Timed Automata},
  year =         2011,
  booktitle =    {Proceedings of the 23rd International Conference
                  on Computer Aided Verification ({CAV}'11)},
  acronym =      "{CAV}'11",
  series =       {Lecture Notes in Computer Science},
  volume =       {6806},
  pages =        {649-655},
  editor =       {Ganesh Gopalakrishnan and Shaz Qadeer},
  publisher =    {Springer-Verlag},
  doi =          {10.1007/978-3-642-22110-1_52},
}


@article{BBM06,
  author =              {Bouyer, Patricia and Brihaye, {\relax Th}omas and
                         Markey, Nicolas},
  title =               {Improved Undecidability Results on Weighted Timed
                         Automata},
  publisher =           {Elsevier},
  journal =             {Information Processing Letters},
  volume =              {98},
  number =              {5},
  pages =               {188-194},
  year =                {2006},
  month =               jun,
  doi =                 {10.1016/j.ipl.2006.01.012},
  }

@inproceedings{BBR05,
  author =              {Brihaye, {\relax Th}omas and Bruy{\`e}re,
                         V{\'e}ronique and Raskin, Jean-Fran{\c c}ois},
  title =               {On Optimal Timed Strategies},
  editor =              {Pettersson, Paul and Yi, Wang},
  booktitle =           {{P}roceedings of the 3rd {I}nternational
                         {C}onferences on {F}ormal {M}odelling and {A}nalysis
                         of {T}imed {S}ystems ({FORMATS}'05)},
  acronym =             {{FORMATS}'05},
  publisher =           {Springer-Verlag},
  series =              {Lecture Notes in Computer Science},
  volume =              {3829},
  pages =               {49-64},
  year =                {2005},
  month =               sep,
  doi =                 {10.1007/11603009_5},
}


@inproceedings{BLMR06,
  author =              {Bouyer, Patricia and Larsen, Kim Guldstrand and
                         Markey, Nicolas and Rasmussen, Jacob Illum},
  title =               {Almost Optimal Strategies in One-Clock Priced Timed
                         Automata},
  editor =              {Arun-Kumar, S. and Garg, Naveen},
  booktitle =           {{P}roceedings of the 26th {C}onference on
                         {F}oundations of {S}oftware {T}echnology and
                         {T}heoretical {C}omputer {S}cience ({FSTTCS}'06)},
  acronym =             {{FSTTCS}'06},
  publisher =           {Springer-Verlag},
  series =              {Lecture Notes in Computer Science},
  volume =              {4337},
  pages =               {345-356},
  year =                {2006},
  month =               dec,
  doi =                 {10.1007/11944836_32},
}

@inproceedings{BJM15,
  author =              {Bouyer, Patricia and Jaziri, Samy and Markey,
                         Nicolas},
  title =               {On~the Value Problem in Weighted Timed Games},
  editor =              {Aceto, Luca and de Frutos{-}Escrig, David},
  booktitle =           {{P}roceedings of the 26th {I}nternational
                         {C}onference on {C}oncurrency {T}heory
                         ({CONCUR}'15)},
  acronym =             {{CONCUR}'15},
  publisher =           {Leibniz-Zentrum f{\"u}r Informatik},
  series =              {Leibniz International Proceedings in Informatics},
  volume =              {42},
  pages =               {311-324},
  year =                {2015},
  month =               sep,
  doi =                 {10.4230/LIPIcs.CONCUR.2015.311},
}

@inproceedings{CDLLR07,
  author =              {Cassez, Franck and David, Alexandre and Larsen, Kim
                         Guldstrand and Lime, Didier and Raskin, Jean-Fran{\c
                         c}ois},
  title =               {Timed Control with Observation Based and Stuttering
                         Invariant Strategies},
  editor =              {Namjoshi, Kedar and Yoneda, Tomohiro and Higashino,
                         Teruo and Okamura, Yoshio},
  booktitle =           {{P}roceedings of the 5th {I}nternational {S}ymposium
                         on {A}utomated {T}echnology for {V}erification and
                         {A}nalysis ({ATVA}'07)},
  acronym =             {{ATVA}'07},
  publisher =           {Springer-Verlag},
  series =              {Lecture Notes in Computer Science},
  volume =              {4762},
  pages =               {192-206},
  year =                {2007},
  month =               oct,
  doi =                 {10.1007/978-3-540-75596-8_15},
}


@inproceedings{BDMP03,
  author =              {Bouyer, Patricia and D'Souza, Deepak and Madhusudan,
                         Parthasarathy and Petit, Antoine},
  title =               {Timed Control with Partial Observability},
  editor =              {Hunt, Jr, Warren A. and Somenzi, Fabio},
  booktitle =           {{P}roceedings of the 15th {I}nternational
                         {C}onference on {C}omputer {A}ided {V}erification
                         ({CAV}'03)},
  acronym =             {{CAV}'03},
  publisher =           {Springer-Verlag},
  series =              {Lecture Notes in Computer Science},
  volume =              {2725},
  pages =               {180-192},
  year =                {2003},
  month =               jul,
}

@inproceedings{MPS95,
  author =              {Maler, Oded and Pnueli, Amir and Sifakis, Joseph},
  title =               {On the Synthesis of Discrete Controllers for Timed
                         Systems (An~Extended Abstract)},
  editor =              {Mayr, Ernst W. and Puech, Claude},
  booktitle =           {{P}roceedings of the 12th {S}ymposium on
                         {T}heoretical {A}spects of {C}omputer {S}cience
                         ({STACS}'95)},
  acronym =             {{STACS}'95},
  publisher =           {Springer-Verlag},
  series =              {Lecture Notes in Computer Science},
  volume =              {900},
  pages =               {229-242},
  year =                {1995},
  month =               mar,
}

@inproceedings{AMPS98,
  author =              {Asarin, Eugene and Maler, Oded and Pnueli, Amir and
                         Sifakis, Joseph},
  title =               {Controller Synthesis for Timed Automata},
  booktitle =           {{P}roceedings of the 5th {IFAC} {C}conference on
                         {S}ystem {S}tructure and {C}ontrol ({SSC}'98)},
  acronym =             {{SSC}'98},
  publisher =           {Elsevier},
  pages =               {469-474},
  year =                {1998},
  month =               jul,
}

@inproceedings{BCD+07,
  author =              {Behrmann, Gerd and Cougnard, Agn{\`e}s and David,
                         Alexandre and Fleury, Emmanuel and Larsen, Kim
                         Guldstrand and Lime, Didier},
  title =               {{UPPAAL-Tiga}: Time for Playing Games!},
  editor =              {Damm, Werner and Hermanns, Holger},
  booktitle =           {{P}roceedings of the 19th {I}nternational
                         {C}onference on {C}omputer {A}ided {V}erification
                         ({CAV}'07)},
  acronym =             {{CAV}'07},
  publisher =           {Springer-Verlag},
  series =              {Lecture Notes in Computer Science},
  volume =              {4590},
  pages =               {121-125},
  year =                {2007},
  month =               jul,
}

@inproceedings{AFHMS03,
  author =              {de Alfaro, Luca and Faella, Marco and Henzinger,
                         Thomas A. and Majumdar, Rupak and Stoelinga,
                         Mari{\"e}lle},
  title =               {The Element of Surprise in Timed Games},
  editor =              {Amadio, Roberto and Lugiez, Denis},
  booktitle =           {{P}roceedings of the 14th {I}nternational
                         {C}onference on {C}oncurrency {T}heory
                         ({CONCUR}'03)},
  acronym =             {{CONCUR}'03},
  publisher =           {Springer-Verlag},
  series =              {Lecture Notes in Computer Science},
  volume =              {2761},
  pages =               {142-156},
  year =                {2003},
  month =               aug,
}


@inproceedings{BM83,
  author =        {Berthomieu, Bernard and Menasche, Miguel},
  title =         {An Enumerative Approach for Analyzing Time {P}etri
                   Nets},
  booktitle =     {{I}nformation {P}rocessing~83~-- {P}roceedings of the
                   9th {IFIP} {W}orld {C}omputer {C}ongress ({WCC}'83)},
  editor =        {Mason, R. E. A.},
  publisher =     {North-Holland/IFIP},
  pages =         {41-46},
  year =          {1983},
  month =         sep,
  sort-month =    {090},
	acronym =       {{WCC}'83},
	available =     {1},
}

@inproceedings{Dil90,
  author =        {Dill, David L.},
  title =         {Timing Assumptions and Verification of Finite-State
                   Concurrent Systems},
  booktitle =     {{P}roceedings of the {I}nternational {W}orkshop on
                   {A}utomatic {V}erification {M}ethods for {F}inite
                   {S}tate {S}ystems ({AVMFSS}'89)},
  acronym =       {{AVMFSS}'89},
  editor =        {Sifakis, Joseph},
  publisher =     {Springer},
  series =        {Lecture Notes in Computer Science},
  shortseries =   {LNCS},
  volume =        {407},
  pages =         {197-212},
  year =          {1990},
}


@inproceedings{CDFLL05,
  author =              {Cassez, Franck and David, Alexandre and Fleury,
                         Emmanuel and Larsen, Kim Guldstrand and Lime,
                         Didier},
  title =               {Efficient On-the-fly Algorithms for the Analysis of
                         Timed Games},
  editor =              {Abadi, Mart{\'\i}n and de Alfaro, Luca},
  booktitle =           {{P}roceedings of the 16th {I}nternational
                         {C}onference on {C}oncurrency {T}heory
                         ({CONCUR}'05)},
  acronym =             {{CONCUR}'05},
  publisher =           {Springer-Verlag},
  series =              {Lecture Notes in Computer Science},
  volume =              {3653},
  pages =               {66-80},
  year =                {2005},
  month =               aug,
  doi =                 {10.1007/11539452_9},
  note = "Full version available at \url{https://hal.archives-ouvertes.fr/hal-00350475}",
}

@inproceedings{LS98,
  author =              {Liu, Xinxin and Smolka, Scott A.},
  title =               {Simple Linear-Time Algorithms for Minimal Fixed
                         Points},
  editor =              {Larsen, Kim Guldstrand and Skyum, Sven and Winskel,
                         Glynn},
  booktitle =           {{P}roceedings of the 25th {I}nternational
                         {C}olloquium on {A}utomata, {L}anguages and
                         {P}rogramming ({ICALP}'98)},
  acronym =             {{ICALP}'98},
  publisher =           {Springer-Verlag},
  series =              {Lecture Notes in Computer Science},
  volume =              {1443},
  pages =               {53-66},
  year =                {1998},
  month =               jul,
}

@inproceedings{CHP08,
  author =             "Chatterjee, Krishnendu  and Henzinger, Thomas A. and Prabhu, Vinayak S.",
  title =              "Trading Infinite Memory for Uniform Randomness 
                       in Timed Games",
  OPTeditor =             "Egerstedt, Magnus and Mishra, Bud",
  booktitle =          {Proceedings of the International Workshop on Hybrid Systems: Computation and Control, HSCC'08},
  pages =         {87-100},
  publisher =     {Springer-Verlag},
  series =        {Lecture Notes in Computer Science},
  volume =        {4981},
  year =          {2008},
  doi =           {10.1007/978-3-540-78929-1_7},
}

@incollection{BY04,
  author =              "Bengtsson, Johan and Yi, Wang",
  title =               {Timed Automata: Semantics, Algorithms and Tools},
  editor =              {Desel, J{\"o}rg and Reisig, Wolfgang and Rozenberg,
                         Grzegorz},
  booktitle =           {Lectures on Concurrency and {P}etri Nets},
  publisher =     {Springer-Verlag},
  series =        {Lecture Notes in Computer Science},
  volume =              {2098},
  pages =               {87-124},
  year =                {2004},
  doi =                 {10.1007/b98282},
}
