@incollection{Kuhn:1953,
	Author = kuhn,
	Booktitle = {Contributions to the Theory of Games II},
	Pages = {245--266},
	Publisher = pup,
	Series = amst,
	Title = {Extensive Games and the Problem of Information},
	Volume = 28,
	Year = 1953}

@article{Nash:1950,
	Author = nash,
	Journal = pnas,
	Pages = {48--49},
	Title = {Equilibrium points in n-person games},
	Volume = 36,
	Year = 1950}

@article{Nash:1951,
	Author = nash,
	Journal = am,
	Pages = {286--295},
	Title = {Non-Cooperative Games},
	Volume = 54,
	Year = 1951}

@article{Borel:1921,
	Author = borel,
	Journal = {Comptes-rendus de l'Acad{\'e}mie des Sciences},
	Pages = {1304--1308},
	Title = {La th{\'e}orie du Jeu et les {\'e}quations int{\'e}grales {\`a} noyau sym{\'e}trique},
	Volume = 1923,
	Year = 1921}


@article{Buchi&Elgot:1958,
	Author = buchi #{ and }# elgot,
	Journal = ams,
	Title = {Decision Problems of Weak Second-order Arithmetics and Finite Automata},
	Volume = {5},
	Year = {1958}}

@article{vonNeumann:1928,
	Author = vonneumann,
	Journal = {Mathematische Annalen},
	Pages = {295--320},
	Title = {Zur Theorie der Gesellschaftspiele},
	Volume = 100,
	Year = 1928}

@book{vonNeumann&Morgenstern:1944,
	Author = vonneumann #{ and }# morgenstern,
	Publisher = pup,
	Title = {Theory of Games and Economic Behavior},
	Year = 1944}




@article{Derman:1962,
	Author = derman,
	Journal = {Management Science},
	Number = 1,
	Pages = {16--24},
	Publisher = {Informs},
	Title = {On Sequential Decisions and Markov Chains},
	Volume = 9,
	Year = 1962}

@incollection{Aumann:1964,
	Author = aumann,
	Booktitle = {Advances in Game Theory},
	Pages = {627--650},
	Publisher = pup,
	Series = amst,
	Title = {Mixed and Behavior Strategies in Infinite Extensive Games},
	Volume = 52,
	Year = 1964}

@article{Hoffman&Karp:1966,
	Author = hoffman #{ and }# karp,
	Journal = {Management Science},
	Number = {5},
	Pages = {359--370},
	Publisher = {Informs},
	Title = {On Nonterminating Stochastic Games},
	Volume = {12},
	Year = {1966}}

@article{Liggett&Lippman:1969,
	Author = liggett #{ and }# lippman,
	Journal = {SIAM Review},
	Number = 4,
	Pages = {604--607},
	Title = {Stochastic Games with Perfect Information and Time Average Payoff},
	Volume = 11,
	Year = 1969}

@book{Paz:1971,
	Author = paz,
	Publisher = ap,
	Title = {Introduction to Probabilistic Automata},
	Year = 1971}

@book{Derman:1972,
	Author = derman,
	Publisher = {Academic Press},
	Title = {Finite State Markovian Decision Processes},
	Year = 1972}

@article{Staiger&Wagner:1974,
	Author = staiger #{ and }# wagner,
	Journal = eik,
	Number = 7,
	Pages = {379--392},
	Title = {Automatentheoretische und automatenfreie Charakterisierungen topologischer Klassen regul{\"a}rer Folgenmengen},
	Volume = 10,
	Year = 1974}

@inproceedings{Mazurkiewicz:1975,
	Author = mazurkiewicz,
	Booktitle = mfcs # {75},
	Pages = {75--87},
	Publisher = springer,
	Series = lncs,
	Title = {Parallel Recursive Program Schemes},
	Volume = 32,
	Year = 1975}

@article{Owick&Gries:1976,
	Author = owicki #{ and }# gries,
	Journal = cacm,
	Number = 5,
	Pages = {279--285},
	Title = {Verifying Properties of Parallel Programs: An Axiomatic Approach},
	Volume = 19,
	Year = 1976}

@inproceedings{Pnueli:1977,
	Author = pnueli,
	Booktitle = focs # {77},
	Pages = {46--57},
	Publisher = ieee,
	Title = {The Temporal Logic of Programs},
	Year = 1977}

@article{Hordjik&Kallenberg:1979,
	Author = hordijk #{ and }# kallenberg,
	Journal = ms,
	Number = 4,
	Pages = {353-362},
	Title = {Linear Programming and Markov Decision Chains},
	Volume = 25,
	Year = 1979}

@article{Khachiyan:1979,
	Author = khachiyan,
	Journal = {Soviet Mathematics Doklady},
	Pages = {191--194},
	Title = {A Polynomial Algorithm in Linear Programming},
	Volume = {20},
	Year = {1979}}

@inproceedings{Clarke&Emerson:1981,
	Author = clarke #{ and }# emerson,
	Booktitle = lop,
	Pages = {52--71},
	Publisher = springer,
	Series = lncs,
	Title = {Design and Synthesis of Synchronization Skeletons Using Branching-Time Temporal Logic},
	Volume = 131,
	Year = 1981}

@article{Kumar&Shiau:1981,
	Author = kumar #{ and }# shiau,
	Journal = sjco,
	Number = 5,
	Pages = {617--634},
	Title = {Existence of Value and Randomized Strategies in Zero-sum Discrete-time Stochastic Dynamic Games},
	Volume = 19,
	Year = 1981}

@article{Mertens&Neyman:1981,
	Author = mertens #{ and }# neyman,
	Journal = ijgt,
	Pages = {53--56},
	Title = {Stochastic Games},
	Volume = 10,
	Year = 1981}

@article{Dix:1982,
	Author = dixon,
	Journal = {Numerische Mathematik},
	Pages = {137--141},
	Title = {Exact Solution of Linear Equations Using {$p$}-adic Expansions},
	Volume = {40},
	Year = {1982}}

@inproceedings{QS:1982,
	Author = queille #{ and }# sifakis,
	Booktitle = focs # {82},
	Pages = {217--225},
	Publisher = ieee,
	Title = {A Temporal Logic to Deal with Fairness in Transition Systems},
	Year = 1982}

@article{Kozen:1983,
	Author = kozen,
	Journal = tcs,
	Number = 3,
	Pages = {333--354},
	Title = {Results on the propositional $\mu$-calculus},
	Volume = 27,
	Year = 1983}

@article{AS:1985,
	Author = alpern #{ and }# schneider,
	Journal = ipl,
	Number = 4,
	Pages = {181--185},
	Title = {Defining Liveness},
	Volume = 21,
	Year = 1985}

@inproceedings{EL:1985,
	Author = emerson #{ and }# lei,
	Booktitle = popl # {85},
	Pages = {84--96},
	Title = {Modalities for Model Checking: Branching Time Strikes Back.},
	Year = 1985}

@inproceedings{Var:1985,
	Author = vardi,
	Booktitle = focs # {85},
	Pages = {327--338},
	Publisher = ieee,
	Title = {Automatic Verification of Probabilistic Concurrent Finite-State Programs},
	Year = 1985}

@article{CES:1986,
	Author = clarke #{ and }# emerson #{ and }# sistla,
	Journal = toplas,
	Number = 2,
	Pages = {244--263},
	Title = {Automatic Verification of Finite-State Concurrent Systems Using Temporal Logic Specifications},
	Volume = 8,
	Year = 1986}

@book{Kav:1986,
	Author = {Gregory S. Kavka},
	Publisher = {Princeton University Press},
	Title = {Hobbesian moral and political theory},
	Year = 1986}

@inproceedings{VW:1986,
	Author = vardi #{ and }# wolper,
	Booktitle = lics # {86},
	Pages = {332--344},
	Publisher = ieee,
	Title = {An Automata-Theoretic Approach to Automatic Program Verification},
	Year = 1986}

@inproceedings{GMW:1987,
	Author = goldreich #{ and }# micali #{ and }# wigderson,
	Booktitle = stoc # {87},
	Pages = {218--229},
	Publisher = acm,
	Title = {How to Play any Mental Game or A Completeness Theorem for Protocols with Honest Majority},
	Year = 1987}

@article{RW:1987,
	Author = ramadge #{ and }# wonham,
	Journal = sjco,
	Number = 1,
	Pages = {206--230},
	Title = {Supervisory control of a class of discrete-event processes},
	Volume = 25,
	Year = 1987}

@article{Ren:1988,
	Author = renegar,
	Journal = mp,
	Number = 1,
	Pages = {59--93},
	Publisher = springer,
	Title = {A polynomial-time algorithm, based on Newton's method, for linear programming},
	Volume = 40,
	Year = 1988}

@inproceedings{PR:1989,
	Author = pnueli #{ and }# rosner,
	Booktitle = popl # {89},
	Pages = {179--190},
	Title = {On the Synthesis of a Reactive Module},
	Year = 1989}

@article{Bla:1992,
	Author = blass,
	Journal = apal,
	Number = {1--3},
	Pages = {183--220},
	Title = {A Game Semantics for Linear Logic},
	Volume = 56,
	Year = 1992}

@article{Con:1992,
	Author = condon,
	Journal = ic,
	Number = 2,
	Pages = {203--224},
	Title = {The Complexity of Stochastic Games},
	Volume = 96,
	Year = 1992}

@book{MP:1992,
	Author = manna #{ and }# pnueli,
	Publisher = springer,
	Title = {The Temporal Logic of Reactive and Concurrent Systems: Specification},
	Year = 1992}

@inproceedings{Con:1993,
	Author = condon,
	Booktitle = {Advances in Computational Complexity Theory},
	Pages = {51--73},
	Publisher = ams,
	Series = {DIMACS Series in Discrete Mathematics and Theoretical Computer Science},
	Title = {On Algorithms for Simple Stochastic Games},
	Volume = 13,
	Year = 1993}

@article{Lud:1995,
	Author = ludwig,
	Journal = ic,
	Number = 1,
	Pages = {151--155},
	Title = {A Subexponential Randomized Algorithm for the Simple Stochastic Game Problem},
	Volume = 117,
	Year = 1995}

@book{Bil:1995,
	Author = billingsley,
	Publisher = {John Wiley {\&} Sons},
	Title = {Probability and Measure},
	Year = 1995}

@article{CY:1995,
	Author = courcoubetis #{ and }# yannakakis,
	Journal = jacm,
	Number = 4,
	Pages = {857--907},
	Title = {The Complexity of Probabilistic Verification},
	Volume = 42,
	Year = 1995}

@inproceedings{BLV:1996,
	Author = buhrke #{ and }# lescow #{ and }# voge,
	Booktitle = tacas # {96},
	Pages = {207--224},
	Publisher = springer,
	Series = lncs,
	Title = {Strategy Construction in Infinite Ganes with Streett and Rabin Chain Winning Conditions},
	Volume = 1055,
	Year = 1996}

@book{Dur:1996,
	Author = durett,
	Publisher = duxbury,
	Title = {Probability Theory and Examples},
	Year = {1996}}

@book{MS:1996,
	Author = maitra #{ and }# sudderth,
	Publisher = springer,
	Title = {Discrete Gambling and Stochastic Games},
	Year = 1996}

@article{NRY:1996,
	Author = nerode #{ and }# remmel #{ and }# yakhnis,
	Journal = apal,
	Number = {1--3},
	Pages = {203--242},
	Title = {McNaughton Games and Extracting Strategies for Concurrent Programs},
	Volume = 78,
	Year = 1996}

@inproceedings{BCHKR:1997,
	Author = baier #{ and }# clarke #{ and }# hartonas #{ and }# kwiatkowska #{ and }# ryan,
	Booktitle = icalp # {97},
	Pages = {430--440},
	Publisher = springer,
	Series = lncs,
	Title = {Symbolic Model Checking for Probabilistic Processes},
	Volume = 1256,
	Year = 1997}

@inproceedings{Kla:1997,
	Author = klarlund,
	Booktitle = csl # {98},
	Pages = {311--326},
	Publisher = springer,
	Series = lncs,
	Title = {Mona {\&} Fido: The Logic-Automaton Connection in Practice},
	Volume = 1414,
	Year = 1997}

@incollection{Tho:1997,
	Author = thomas,
	Booktitle = {Handbook of Formal Languages},
	Chapter = {7},
	Editor = {Rozenberg, G. and Salomaa, A.},
	Pages = {389--455},
	Publisher = springer,
	Title = {Languages, Automata, and Logic},
	Volume = {3, Beyond Words},
	Year = {1997}}

@article{AH:1998,
	Author = alur #{ and }# henzinger,
	Journal = toplas,
	Number = 6,
	Pages = {1171--1194},
	Publisher = acm,
	Title = {Finitary Fairness},
	Volume = 20,
	Year = 1998}

@inproceedings{dAHK:1998,
	Author = dealfaro #{ and }# henzinger #{ and }# kupferman,
	Booktitle = focs # {98},
	Pages = {564--575},
	Publisher = ieee,
	Title = {Concurrent Reachability Games},
	Year = 1998}

@inproceedings{KV:1998,
	Author = kupferman #{ and }# vardi,
	Booktitle = stoc # {98},
	Pages = {290--301},
	Publisher = acm,
	Title = {Weak Alternating Automata and Tree Automata Emptiness},
	Year = 1998}

@article{Mar:1998,
	Author = martin,
	Journal = jsl,
	Number = 4,
	Pages = {1565--1581},
	Title = {The Determinacy of Blackwell Games},
	Volume = 63,
	Year = 1998}

@article{MS:1998,
	Author = maitra #{ and }# sudderth,
	Journal = ijgt,
	Number = 2,
	Pages = {257--267},
	Title = {Finitely additive stochastic games with Borel measurable payoffs},
	Volume = 27,
	Year = 1998}

@inproceedings{AM:1999,
	Author = asarin #{ and }# maler,
	Booktitle = hscc # {99},
	Pages = {19--30},
	Publisher = springer,
	Series = lncs,
	Title = {As Soon as Possible: Time Optimal Control for Timed Automata},
	Volume = 1569,
	Year = 1999}

@inproceedings{BKH:1999,
	Author = baier #{ and }# katoen #{ and }# hermanns,
	Booktitle = concur # {99},
	Pages = {146--161},
	Publisher = springer,
	Series = lncs,
	Title = {Approximate Symbolic Model Checking of Continuous-Time Markov Chains},
	Volume = 1664,
	Year = 1999}

@inproceedings{BJNT:2000,
	Author = bouajjani #{ and }# jonsson #{ and }# nilsson #{ and }# touili,
	Booktitle = cav # {00},
	Pages = {403--418},
	Publisher = springer,
	Series = lncs,
	Title = {Regular Model Checking},
	Volume = 1855,
	Year = 2000}

@inproceedings{dAH:2000,
	Author = dealfaro #{ and }# henzinger,
	Booktitle = lics # {00},
	Pages = {141--154},
	Publisher = ieee,
	Title = {Concurrent $\omega$-regular Games},
	Year = {2000}}

@inproceedings{dAHM:2000,
	Author = dealfaro #{ and }# henzinger #{ and }# mang,
	Booktitle = concur # {00},
	Pages = {458--473},
	Publisher = springer,
	Series = lncs,
	Title = {The Control of Synchronous Systems},
	Volume = 1877,
	Year = 2000}

@inproceedings{DK:2000,
	Author = dinneen #{ and }# khoussainov,
	Booktitle = wg # {00},
	Pages = {127--136},
	Publisher = springer,
	Series = lncs,
	Title = {Update Networks and Their Routing Strategies},
	Volume = 1928,
	Year = 2000}

@inproceedings{Jur:2000,
	Author = jurdzinski,
	Booktitle = stacs # {00},
	Pages = {290--301},
	Publisher = springer,
	Series = lncs,
	Title = {Small Progress Measures for Solving Parity Games},
	Volume = 1770,
	Year = 2000}

@inproceedings{LT:2000,
	Author = loding #{ and }# thomas,
	Booktitle = pro # { } # ifiptcs # {00},
	Pages = {521--535},
	Publisher = springer,
	Series = lncs,
	Title = {Alternating Automata and Logics over Infinite Words},
	Volume = 1872,
	Year = 2000}

@inproceedings{VJ:2000,
	Author = voge #{ and }# jurdzinski,
	Booktitle = cav # {00},
	Pages = {202-215},
	Publisher = springer,
	Series = lncs,
	Title = {A Discrete Strategy Improvement Algorithm for Solving Parity Games},
	Volume = 1855,
	Year = 2000}

@inproceedings{EWS:2001,
	Author = etessami #{ and }# wilke #{ and }# schuller,
	Booktitle = icalp # {01},
	Pages = {694--707},
	Publisher = springer,
	Series = lncs,
	Title = {Fair Simulation Relations, Parity Games, and State Space Reduction for B{\"u}chi Automata},
	Volume = 2076,
	Year = 2001}

@book{Sti:2001,
	Author = stirling,
	Publisher = springer,
	Series = {Graduate Texts in Computer Science},
	Title = {Modal and Temporal Properties of Processes},
	Year = 2001}

@article{AHK:2002,
	Author = alur #{ and }# henzinger #{ and }# kupferman,
	Booktitle = focs # {97},
	Journal = jacm,
	Number = 5,
	Pages = {672--713},
	Publisher = acm,
	Title = {Alternating-time Temporal Logic},
	Volume = 49,
	Year = 2002}

@inproceedings{GMSZ:2002,
	Author = genest #{ and }# muscholl #{ and }# seidl #{ and }# zeitoun,
	Booktitle = icalp # {02},
	Pages = {657--668},
	Publisher = springer,
	Series = lncs,
	Title = {Infinite-State High-Level MSCs: Model-Checking and Realizability},
	Volume = 2380,
	Year = 2002}

@proceedings{GTW:2002,
	Booktitle = {Automata, Logics, and Infinite Games},
	Editor = graedel #{ and }# thomas #{ and }# wilke,
	Publisher = springer,
	Series = lncs,
	Title = {Automata, Logics, and Infinite Games: A Guide to Current Research [outcome of a Dagstuhl seminar, February 2001]},
	Volume = 2500,
	Year = 2002}

@inproceedings{IK:2002,
	Author = ishihara #{ and }# khoussainov,
	Booktitle = wg # {02},
	Pages = {270--281},
	Publisher = springer,
	Series = lncs,
	Title = {Complexity of Some Infinite Games Played on Finite Graphs},
	Volume = 2573,
	Year = 2002}

@inproceedings{JKH:2002,
	Author = jurdzinski #{ and }# kupferman #{ and }# henzinger,
	Booktitle = csl # {02},
	Pages = {292--305},
	Publisher = springer,
	Series = lncs,
	Title = {Trading Probability for Fairness},
	Volume = 2471,
	Year = 2002}

@inproceedings{MM:2002,
	Author = mciver #{ and }# morgan,
	Booktitle = lpar # {02},
	Pages = {292--310},
	Publisher = springer,
	Series = lncs,
	Title = {Games, Probability, and the Quantitative $\mu$-calculus},
	Volume = 2514,
	Year = 2002}

@article{NSW:2002,
	Author = neumann #{ and }# szepietowski #{ and }# walukiewicz,
	Journal = ipl,
	Number = 4,
	Pages = {181-187},
	Title = {Complexity of Weak Acceptance Conditions in Tree Automata},
	Volume = 84,
	Year = 2002}

@inproceedings{BFLP:2003,
	Author = bardin #{ and }# finkel #{ and }# leroux #{ and }# petrucci,
	Booktitle = cav # {03},
	Pages = {118--121},
	Publisher = springer,
	Series = lncs,
	Title = {FAST: Fast Acceleration of Symbolikc Transition Systems},
	Volume = 2725,
	Year = 2003}

@phdthesis{Chr:2003,
	Author = chroboczek,
	School = {University of Edinburgh},
	Title = {Game Semantics and Subtyping},
	Year = 2003}

@inproceedings{CJH:2003,
	Author = chatterjee #{ and }# jurdzinski #{ and }# henzinger,
	Booktitle = csl # {03},
	Pages = {100--113},
	Publisher = springer,
	Series = lncs,
	Title = {Simple Stochastic Parity Games},
	Volume = 2803,
	Year = 2003}

@inproceedings{dAFHMS:2003,
	Author = dealfaro #{ and }# faella #{ and }# henzinger #{ and }# majumdar #{ and }# stoelinga,
	Booktitle = concur # {03},
	Pages = {142--156},
	Publisher = springer,
	Series = lncs,
	Title = {The Element of Surprise in Timed Games},
	Volume = 2761,
	Year = 2003}

@inproceedings{DJP:2003,
	Author = dershowitz #{ and }# jayasimha #{ and }# park,
	Booktitle = {Verification: Theory and Practice, Essays dedicated to Zohar Manna on the occasion of his 64th birthday},
	Pages = {304--317},
	Publisher = springer,
	Series = lncs,
	Title = {Bounded Fairness},
	Volume = 2772,
	Year = 2003}

@inproceedings{HJMS:2003,
	Author = henzinger #{ and }# jhala #{ and }# majumdar #{ and }# sutre,
	Booktitle = spin # {03},
	Pages = {235--239},
	Publisher = springer,
	Series = lncs,
	Title = {Software Verification with BLAST},
	Volume = 2648,
	Year = 2003}

@phdthesis{Maj:2003,
	Author = majumdar,
	School = berkeley,
	Title = {Symbolic Algorithms for Verification and Control},
	Year = 2003}

@incollection{MS:2003,
	Author = maitra #{ and }# sudderth,
	Booktitle = {Stochastic Games and Applications},
	Pages = {257--267},
	Publisher = springer,
	Title = {Stochastic Games with Borel payoffs},
	Year = 2003}

@inproceedings{MW:2003,
	Author = mohalik #{ and }# walukiewicz,
	Booktitle = fsttcs # {03},
	Pages = {338--351},
	Publisher = springer,
	Series = lncs,
	Title = {Distributed Games},
	Volume = 2914,
	Year = 2003}

@inproceedings{WHT:2003,
	Author = wallmeier #{ and }# hutten #{ and }# thomas,
	Booktitle = ciaa # {03},
	Pages = {11--22},
	Publisher = springer,
	Series = lncs,
	Title = {Symbolic Synthesis of Finite-State Controllers for Request-Response Specifications},
	Volume = 2759,
	Year = 2003}

@article{BontempsSL:2004,
	Author = bontemps #{ and }# schobbens #{ and }# loding,
	Journal = fi,
	Number = 2,
	Pages = {139--169},
	Title = {Synthesis of Open Reactive Systems from Scenario-Based Specifications},
	Volume = 62,
	Year = 2004}

@inproceedings{CdAH:2004,
	Author = chatterjee #{ and }# dealfaro #{ and }# henzinger,
	Booktitle = qest # {04},
	Pages = {206--217},
	Publisher = ieee,
	Title = {Trading Memory for Randomness.},
	Year = 2004}

@inproceedings{CJH:2004,
	Author = chatterjee #{ and }# jurdzinski #{ and }# henzinger,
	Booktitle = soda # {04},
	Pages = {121-130},
	Publisher = siam,
	Title = {Quantitative Stochastic Parity Games},
	Year = 2004}

@inproceedings{CMJ:2004,
	Author = chatterjee #{ and }# majumdar #{ and }# jurdzinski,
	Booktitle = csl # {04},
	Pages = {26--40},
	Publisher = springer,
	Series = lncs,
	Title = {On Nash Equilibria in Stochastic Games},
	Volume = 3210,
	Year = 2004}

@article{dAM:2004,
	Author = dealfaro #{ and }# majumdar,
	Journal = jcss,
	Number = 2,
	Pages = {374--397},
	Publisher = elsevier,
	Title = {Quantitative Solution of $\omega$-regular Games},
	Volume = 68,
	Year = 2004}

@inproceedings{FPT:2004,
	Author = fabrikant #{ and }# papadimitriou #{ and }# talwar,
	Booktitle = stoc # {04},
	Pages = {604--612},
	Publisher = acm,
	Title = {The complexity of pure Nash equilibria},
	Year = 2004}

@inproceedings{GLZ:2004,
	Author = gastin #{ and }# lerman #{ and }# zeitoun,
	Booktitle = fsttcs # {04},
	Pages = {275--286},
	Publisher = springer,
	Series = lncs,
	Title = {Distributed Games with Causal Memory Are Decidable for Series-Parallel Systems},
	Volume = 3328,
	Year = 2004}

@inproceedings{Wal:2004,
	Author = walukiewicz,
	Booktitle = lics # {04},
	Pages = {356--366},
	Publisher = ieee,
	Title = {A Landscape with Games in the Background},
	Year = 2004}

@inproceedings{Zie:2004,
	Author = zielonka,
	Booktitle = fossacs # {04},
	Pages = {499--513},
	Publisher = springer,
	Series = lncs,
	Title = {Perfect-Information Stochastic Parity Games},
	Volume = 2987,
	Year = 2004}

@inproceedings{CdAH:2005,
	Author = chatterjee #{ and }# dealfaro #{ and }# henzinger,
	Booktitle = icalp # {05},
	Pages = {878-890},
	Publisher = springer,
	Series = lncs,
	Title = {The Complexity of Stochastic Rabin and Streett Games.},
	Volume = {3580},
	Year = 2005}

@inproceedings{MTY:2005,
	Author = madhusudan #{ and }# thiagarajan #{ and }# yang,
	Booktitle = fsttcs # {05},
	Pages = {201--212},
	Publisher = springer,
	Series = lncs,
	Title = {The MSO Theory of Connectedly Communicating Processes},
	Volume = 3821,
	Year = 2005}

@book{Rou:2005,
	Author = roughgarden,
	Publisher = mit,
	Title = {Selfish Routing and the Price of Anarchy},
	Year = 2005}

@phdthesis{Ser:2005,
	Author = serre,
	School = paris7,
	Title = {Contribution \`a l'{\'e}tude des jeux sur des graphes de processus \`a pile},
	Year = 2005}

@article{Som:2005,
	Author = somla,
	Journal = entcs,
	Number = 1,
	Pages = {51--65},
	Title = {New Algorithms for Solving Simple Stochastic Games},
	Volume = 119,
	Year = 2005}

@inproceedings{BC:2006,
	Author = bojanczyk #{ and }# colcombet,
	Booktitle = lics # {06},
	Pages = {285--296},
	Publisher = ieee,
	Title = {Bounds in $\omega$-Regularity},
	Year = 2006}

@inproceedings{BDMSS:2006,
	Author = bojanczyk #{ and }# david #{ and }# muscholl #{ and }# schwentick #{ and }# segoufin,
	Booktitle = pods # {06},
	Pages = {10--19},
	Publisher = acm,
	Title = {Two-variable logic on data trees and XML reasoning},
	Year = 2006}

@techreport{Cha:2006,
	Author = chatterjee,
	Institution = berkeley,
	Number = {UCB/EECS-2006-153},
	Title = {Linear Time Algorithm for Weak Parity Games},
	Year = 2006}

@inproceedings{CH:2006,
	Author = chatterjee #{ and }# henzinger,
	Booktitle = concur # {06},
	Pages = {375-389},
	Publisher = springer,
	Series = lncs,
	Title = {Strategy Improvement for Stochastic Rabin and Streett Games},
	Volume = 4137,
	Year = 2006}

@inproceedings{CH:2006,
	Author = chatterjee #{ and }# henzinger,
	Booktitle = stacs # {06},
	Pages = {512-523},
	Publisher = springer,
	Series = lncs,
	Title = {Strategy Improvement and Randomized Subexponential Algorithms for Stochastic Parity Games},
	Volume = 3884,
	Year = {2006}}

@inproceedings{CH:2006,
	Author = chatterjee #{ and }# henzinger,
	Booktitle = tacas # {06},
	Pages = {257-271},
	Publisher = springer,
	Series = lncs,
	Title = {Finitary Winning in {$\omega$}-Regular Games},
	Volume = 3920,
	Year = 2006}

@article{CN:2006,
	Author = colcombet #{ and }# niwinski,
	Journal = tcs,
	Number = {1--3},
	Pages = {190--196},
	Title = {On the Positional Determinacy of Edge-Labeled Games},
	Volume = 352,
	Year = 2006}

@phdthesis{Gim:2006,
	Author = gimbert,
	School = paris7,
	Title = {Jeux Positionels},
	Year = 2006}

@inproceedings{JPZ:2006,
	Author = jurdzinski #{ and }# paterson #{ and }# zwick,
	Booktitle = soda # {06},
	Pages = {117--123},
	Publisher = acm,
	Title = {A Deterministic Subexponential Algorithm for Solving Parity Games},
	Year = 2006}

@inproceedings{PP:2006,
	Author = piterman #{ and }# pnueli,
	Booktitle = lics # {06},
	Pages = {275--284},
	Publisher = ieee,
	Title = {Faster Solutions of Rabin and Streett Games},
	Year = 2006}

@misc{YL:2006,
	Author = ylonen #{ and }# lonvick,
	Howpublished = {RFC 4253 (Proposed Standard)},
	Number = 4253,
	Publisher = {Internet Engineering Task Force},
	Series = {Request for Comments},
	Title = {The Secure Shell (SSH) Transport Layer Protocol},
	Year = 2006}

@phdthesis{Cha:2007,
	Author = chatterjee,
	School = berkeley,
	Title = {Stochastic $\omega$-regular Games},
	Year = 2007}

@inproceedings{Cha:2007,
	Author = chatterjee,
	Booktitle = fossacs # {07},
	Pages = {138--152},
	Publisher = springer,
	Series = lncs,
	Title = {Optimal Strategy Synthesis in Stochastic Muller Games},
	Volume = 4423,
	Year = 2007}

@inproceedings{Cha:2007,
	Author = chatterjee,
	Booktitle = fsttcs # {07},
	Pages = {436--448},
	Publisher = springer,
	Series = lncs,
	Title = {Stochastic M{\"u}ller Games are {\tt PSPACE}-Complete},
	Volume = 4855,
	Year = 2007}

@article{Cha:2007,
	Author = chatterjee,
	Journal = tcs,
	Number = {1--2},
	Pages = {181--198},
	Publisher = elsevier,
	Title = {Concurrent Games with Tail Objectives},
	Volume = 388,
	Year = 2007}

@article{CHDR:2007,
	Author = chatterjee #{ and }# doyen #{ and }# henzinger #{ and }# raskin,
	Journal = lmcs,
	Number = 3,
	Title = {Algorithms for Omega-regular Games of Incomplete Information},
	Volume = 3,
	Year = 2007}

@inproceedings{CHP:2007,
	Author = chatterjee #{ and }# henzinger #{ and }# piterman,
	Booktitle = fossacs # {07},
	Pages = {153-167},
	Publisher = springer,
	Series = lncs,
	Title = {Generalized Parity Games},
	Volume = 4423,
	Year = 2007}

@book{Fin:2007,
	Author = {Irving Finkel},
	Publisher = {British Museum Publications},
	Title = {Ancient Board Games in Perspective},
	Year = 2007}

@inproceedings{Gim:2007,
	Author = gimbert,
	Booktitle = stacs # {07},
	Pages = {200--211},
	Publisher = springer,
	Series = lncs,
	Title = {Pure Stationary Optimal Strategies in Markov Decision Processes},
	Volume = 4393,
	Year = 2007}

@incollection{GZ:2007,
	Author = gimbert #{ and }# zielonka,
	Booktitle = {Logic and Automata: History and Perspective},
	Pages = {331--355},
	Publisher = aup,
	Series = tlg,
	Title = {Applying Blackwell Optimality: priority mean-payoff games as limits of multi-discounted games},
	Volume = 2,
	Year = 2007}

@article{Hal:2007,
	Author = halman,
	Journal = {Algorithmica},
	Pages = {37--50},
	Publisher = springer,
	Title = {Simple Stochastic Games, Parity Games, Mean Payoff Games and Discounted Payoff Games are all {LP}-Type Problems},
	Volume = 49,
	Year = 2007}

@inproceedings{Hor:2007,
	Author = horn,
	Booktitle = tacas # {07},
	Pages = {472--484},
	Publisher = springer,
	Series = lncs,
	Title = {Faster Algorithms for Finitary Games.},
	Volume = 4424,
	Year = 2007}

@article{Hor:2007,
	Author = horn,
	Journal = ipl,
	Number = 1,
	Pages = {1--9},
	Publisher = elsevier,
	Title = {Dicing on the Streett},
	Volume = 104,
	Year = 2007}

@misc{Jur:2007,
	Author = jurdzinski,
	Note = perso,
	Year = 2007}

@inproceedings{KPV:2007,
	Author = kupferman #{ and }# piterman #{ and }# vardi,
	Booktitle = cav # {07},
	Pages = {406--419},
	Publisher = springer,
	Series = lncs,
	Title = {From Liveness to Promptness},
	Volume = 4590,
	Year = 2007}

@inproceedings{Mar:2007,
	Author = rr,
	Booktitle = {Dreamsongs: A RRetrospective},
	Pages = {478--531},
	Publisher = {Orion Books},
	Title = {Unsound Variations},
	Volume = 2,
	Year = 2007}

@article{Mun:2007,
	Author = munroe,
	Journal = {XKCD 326},
	Title = {Effect an Effect},
	Url = {http://xkcd.com/326/},
	Year = 2007,
	Bdsk-Url-1 = {http://xkcd.com/326/}}

@misc{TNJ:2007,
	Author = thomson #{ and }# narten #{ and }# jinmei,
	Howpublished = {RFC 4862 (Draft Standard)},
	Number = 4862,
	Publisher = {Internet Engineering Task Force},
	Series = {Request for Comments},
	Title = {IPv6 Stateless Address Autoconfiguration},
	Year = 2007}

@inproceedings{Sch:2007,
	Author = schewe,
	Booktitle = fsttcs # {07},
	Pages = {449--460},
	Publisher = springer,
	Series = lncs,
	Title = {Solving Parity Games in Big Steps},
	Volume = 4855,
	Year = 2007}

@inproceedings{AHMS:2008,
	Author = andersson #{ and }# hansen #{ and }# miltersen #{ and }# sorensen,
	Booktitle = cie # {08},
	Pages = {1--10},
	Publisher = springer,
	Series = lncs,
	Title = {Deterministic Graphical Games Revisited},
	Volume = 5028,
	Year = 2008}

@inproceedings{BBBM:2008,
	Author = bertrand #{ and }# bouyer #{ and }# brihaye #{ and }# markey,
	Booktitle = qest # {08},
	Pages = {55--64},
	Publisher = ieee,
	Title = {Quantitative Model-Checking of One-Clock Timed Automata under Probabilistic Semantics},
	Year = 2008}

@inproceedings{BBG:2008,
	Author = baier #{ and }# bertrand #{ and }# groesser,
	Booktitle = fossacs # {08},
	Pages = {287--301},
	Publisher = springer,
	Series = lncs,
	Title = {On Decision Problems for Probabilistic B{\"u}chi Automata},
	Volume = 4972,
	Year = 2008}

@inproceedings{BBJLR:2008,
	Author = bouyer #{ and }# brihaye #{ and }# jurdzinski #{ and }# lazic #{ and }# rutkowski,
	Booktitle = formats # {08},
	Pages = {63--77},
	Publisher = springer,
	Series = lncs,
	Title = {Average-Price and Reachability-Price Games on Hybrid Automata with Strong Resets},
	Volume = 5215,
	Year = 2008}

@inproceedings{CH:2008,
	Author = cristau #{ and }# horn,
	Booktitle = sofsem # {08},
	Pages = {211 -- 221},
	Publisher = springer,
	Series = lncs,
	Title = {On Reachability Games of Ordinal Length},
	Volume = 4910,
	Year = 2008}

@inproceedings{CH:2008,
	Author = cristau #{ and }# horn,
	Booktitle = fsttcs # {08},
	Pages = {143--154},
	Publisher = dagstuhl,
	Series = lipics,
	Title = {Graph Games on Ordinals},
	Volume = 2,
	Year = 2008}

@techreport{CHH:2008,
	Author = chatterjee #{ and }# henzinger #{ and }# horn,
	Institution = liafa,
	Number = {2008--002},
	Title = {Stochastic Finitary Games},
	Year = 2008}

@inproceedings{CHMOS:2008,
	Author = carayol #{ and }# hague #{ and }# meyer #{ and }# ong #{ and }# serre,
	Booktitle = lics # {08},
	Pages = {193--204},
	Publisher = ieee,
	Title = {Winning Regions of Higher-Order Pushdown Games},
	Year = 2008}

@inproceedings{CL:2008,
	Author = colcombet #{ and }# loding,
	Booktitle = csl # {08},
	Pages = {416--430},
	Publisher = springer,
	Series = lncs,
	Title = {The Nesting-Depth of Disjunctive $\mu$-calculus for Tree Languages and the Limitedness Problem},
	Volume = {5213},
	Year = 2008}

@inproceedings{Cla:2008,
	Author = clarke,
	Booktitle = {25 Years of Model Checking},
	Pages = {1--26},
	Publisher = springer,
	Series = lncs,
	Title = {The Birth of Model Checking},
	Volume = 5000,
	Year = 2008}

@article{DHR:2008,
	Author = doyen #{ and }# henzinger #{ and }# raskin,
	Journal = ijfcs,
	Number = 3,
	Pages = {549--563},
	Title = {Equivalence of Labeled Markov Chains},
	Volume = 19,
	Year = 2008}

@inproceedings{FGK:2008,
	Author = fischer #{ and }# graedel #{ and }# kaiser,
	Booktitle = stacs # {08},
	Pages = {301--312},
	Publisher = dagstuhl,
	Series = lipics,
	Title = {Model Checking Games for the Quantitative $\mu$-calculus},
	Volume = 1,
	Year = 2008}

@inproceedings{GH:2008,
	Author = gimbert #{ and }# horn,
	Booktitle = fossacs # {08},
	Pages = {5 -- 19},
	Publisher = springer,
	Series = lncs,
	Title = {Simple Stochastic Games with Few Random Vertices are Easy to Solve},
	Volume = 4962,
	Year = 2008}

@inproceedings{GU:2008,
	Author = graedel #{ and }# ummels,
	Booktitle = {New Perspectives on Games and Interaction},
	Publisher = aup,
	Series = tlg,
	Title = {Solution Concepts and Algorithms for Infinite Multiplayer Games},
	Volume = 5,
	Year = 2008}

@inproceedings{HMOS:2008,
	Author = hague #{ and }# murawski #{ and }# ong #{ and }# serre,
	Booktitle = lics # {08},
	Pages = {452--461},
	Publisher = ieee,
	Title = {Collapsible Pushdown Automata and Recursion Schemes},
	Year = 2008}

@phdthesis{Hor:2008,
	Author = horn,
	School = {Universit{{\'e}} Paris 7 and RWTH Aachen},
	Title = {Random Games},
	Year = 2008}

@inproceedings{HTW:2008,
	Author = horn #{ and }# thomas #{ and }# wallmeier,
	Booktitle = atva # {08},
	Pages = {361--373},
	Publisher = springer,
	Series = lncs,
	Title = {Optimal Strategy Synthesis in Request-Response Games},
	Volume = 5311,
	Year = 2008}

@phdthesis{Mor:2008,
	Author = moro,
	School = paris7,
	Title = {Techniques de v{\'e}rification bas{\'e}es sur des repr{\'e}sentations symboliques par automates et l'abstraction guid{\'e}e par les contre-exemples},
	Year = 2008}

@inproceedings{RS:2008,
	Author = rabinovich #{ and }# shomrat,
	Booktitle = {Pillars of Computer Science, Essays Dedicated to Boris (Boaz) Trakhtenbrot on the Occasion of his 85th Birthday},
	Pages = {571--588},
	Publisher = springer,
	Series = lncs,
	Title = {Selection and Uniformization Problems in the Monadic Theory of Ordinals: A Survey},
	Volume = 4800,
	Year = 2008}

@inproceedings{Umm:2008,
	Author = {M. Ummels},
	Booktitle = fossacs # {08},
	Pages = {20 -- 34},
	Publisher = springer,
	Series = lncs,
	Title = {The Complexity of Nash Equilibria in Infinite Multiplayer Games},
	Volume = 4962,
	Year = 2008}

@inproceedings{BGG:2009,
	Author = bertrand #{ and }# genest #{ and }# gimbert,
	Booktitle = lics # {09},
	Pages = {319--328},
	Publisher = ieee,
	Title = {Qualitative Determinacy and Decidability of Stochastic Games with Signals},
	Year = 2009}

@unpublished{CHH:2009,
	Author = chatterjee #{ and }# henzinger #{ and }# horn,
	Note = tai # { } # tocl,
	Title = {Finitary Winning in $\omega$-regular Games},
	Year = 2009}

@inproceedings{GS:2009,
	Author = gripon #{ and }# serre,
	Booktitle = icalp # {09},
	Number = 2,
	Pages = {200--211},
	Publisher = springer,
	Series = lncs,
	Title = {Qualitative Concurrent Games with Imperfect Information},
	Volume = 5556,
	Year = 2009}

@article{GH:2009,
	Author = gimbert #{ and }# horn,
	Journal = lmcs,
	Number = 2,
	Pages = {9th},
	Publisher = ifcl,
	Title = {Solving Simple Stochastic Games with Few Random Vertices},
	Volume = 5,
	Year = 2009}

@techreport{GO:2009,
	Author = gimbert #{ and }# oualhadj,
	Institution = labri,
	Number = {hal-00422888},
	Title = {Automates Probabilistes : Probl\`emes D{\'e}cidables et Ind{\'e}cidables},
	Year = 2009}

@Book{Rosenthal:2006,
	title     = {{A First Look at Rigorous Probability Theory}},
	publisher = wsp,
	year      = {2006},
	author    = rosenthal,
	edition   = {2nd},
}

@article{Smith&Price:1973,
  author	= {Smith, J Maynard and Price, George R},
  title		= {The logic of animal conflict},
  journal	= {Nature},
  volume	= {246},
  number	= {5427},
  pages		= {15},
  year		= {1973},
  publisher	= {Nature Publishing Group}
}

@inproceedings{MacKenzie&Wicker:2003,
  author	= macKenzie #{ and }# wicker,
  title		= {Stability of multipacket slotted aloha with selfish users and perfect information},
  booktitle	= {INFOCOM 2003. Twenty-Second Annual Joint Conference of the IEEE Computer and Communications. IEEE Societies},
  volume	= {3},
  pages		= {1583--1590},
  year		= {2003},
  organization	= {IEEE}
}

@inproceedings{Bouyer&Markey&Stan:2014,
  author 	= bouyer #{ and }# markey #{ and }# stan,
  title 	= {Mixed Nash Equilibria in Concurrent Terminal-Reward Games},
  booktitle 	= fsttcs,
  year		= {2014},
  doi 		= {10.4230/LIPIcs.FSTTCS.2014.351},
}

  
@inproceedings{Brenguier:2016,
  author	= brenguier,
  title		= {Robust equilibria in mean-payoff games},
  booktitle	= fossacs,
  pages		= {217--233},
  year		= {2016},
  organization	= springer
}
@phdthesis{Brenguier:2012,
  TITLE = {{Nash equilibria in concurrent games : application to timed games}},
  AUTHOR = brenguier,
  URL = {https://tel.archives-ouvertes.fr/tel-00827027},
  NUMBER = {2012DENS0069},
  SCHOOL = {{{\'E}cole normale sup{\'e}rieure de Cachan - ENS Cachan}},
  YEAR = {2012},
  MONTH = Nov,
  KEYWORDS = {Concurrency ; Synth{\`e}se de controleurs ; Syst{\`e}mes de transitions temporis{\'e}s},
  TYPE = {Theses},
  PDF = {https://tel.archives-ouvertes.fr/tel-00827027/file/Brenguier2012.pdf},
  HAL_ID = {tel-00827027},
  HAL_VERSION = {v1},
}

@inproceedings{Bouyer&Brenguier&Markey&Ummels:2011,
  author =	{Patricia Bouyer and Romain Brenguier and Nicolas Markey and Michael Ummels},
  title =	{{Nash Equilibria in Concurrent Games with B{\"u}chi Objectives}},
  booktitle =	{IARCS Annual Conference on Foundations of Software Technology and Theoretical Computer Science (FSTTCS 2011)},
  pages =	{375--386},
  series =	{Leibniz International Proceedings in Informatics (LIPIcs)},
  ISBN =	{978-3-939897-34-7},
  ISSN =	{1868-8969},
  year =	{2011},
  volume =	{13},
  editor =	{Supratik Chakraborty and Amit Kumar},
  publisher =	{Schloss Dagstuhl--Leibniz-Zentrum fuer Informatik},
  address =	{Dagstuhl, Germany},
  URL =		{http://drops.dagstuhl.de/opus/volltexte/2011/3334},
  URN =		{urn:nbn:de:0030-drops-33340},
  doi =		{10.4230/LIPIcs.FSTTCS.2011.375},
  annote =	{Keywords: Concurrent games, Nash equilibria, B{\"u}chi Objectives}
}Brenguier Pareto

@inproceedings{Berwanger:2007,
  	address =	{Aachen, Germany},
  	author =	{Berwanger, Dietmar},
  	booktitle =	{{P}roceedings of the 24th {A}nnual {S}ymposium on {T}heoretical {A}spects of {C}omputer {S}cience ({STACS}'07)},
  	DOI =	{10.1007/978-3-540-70918-3_17},
  	editor =	{Thomas, Wolfgang and Weil, Pascal},
  	month =	feb,
  	pages =	{188-199},
  	publisher =	springer,
  	series =	{Lecture Notes in Computer Science},
  	title =	{Admissibility in infinite games},
  	url =	{http://www.lsv.ens-cachan.fr/Publis/PAPERS/PDF/Ber-stacs07.pdf},
  	volume =	{4393},
  	year =	{2007},
}
@inproceedings{Brenguier&Raskin&Sassolas:2014,
 author =    brenguier # { and } # raskin # { and } # sassolas,
 title =     {The Complexity of Admissibility in Omega-regular Games},
 booktitle = csl-lics#{14},
 year = {2014},
 location = {Vienna, Austria},
 pages = {23:1--23:10},
 publisher = {ACM},
 doi = {10.1145/2603088.2603143},
 NOacmid = {2603143},
 NOaddress = {New York, NY, USA},
 NOkeywords = {LTL, Muller games, admissible strategies, games, safety, synthesis},
 NOseries = {CSL-LICS '14},
 NOarticleno = {23},
 NOnumpages = {10},
 NOurl = {http://doi.acm.org/10.1145/2603088.2603143},
 NOisbn = {978-1-4503-2886-9},
 PREVbooktitle = {Proceedings of the Joint Meeting of the Twenty-Third EACSL Annual Conference on Computer Science Logic (CSL) and the Twenty-Ninth Annual ACM/IEEE Symposium on Logic in Computer Science (LICS)},
} 



@article{Daskalakis&Goldberg&Papadimitriou:2009,
  author	= daskalakis #{ and }# goldberg #{ and }# papadimitriou,
  title		= {The complexity of computing a {N}ash equilibrium},
  journal	= {SIAM Journal on Computing},
  volume	= {39},
  number	= {1},
  pages		= {195--259},
  year		= {2009},
  publisher	= {SIAM}
}

@article{LeRoux&Pauly:2018,
  author	= lerouxS #{ and }# pauly,
  title		= {Extending finite-memory determinacy to multi-player games},
  journal	= ic,
  year		= {2018},
  publisher	= {Elsevier}
}

@inproceedings{Brihaye&Bruyere&DePril&Gimbert:2012,
  author	= brihaye #{ and }# bruyere #{ and }# depril #{ and }# gimbert,
  title		= {Subgame perfection for equilibria in quantitative reachability games},
  booktitle	= fossacs,
  pages		= {286--300},
  year		= {2012},
  organization	= springer
}

@inproceedings{Pnueli&Rosner:1990,
  author	= pnueli #{ and }# rosner,
  title		= {Distributed reactive systems are hard to synthesize},
  booktitle	= focs # {31},
  pages		= {746--757},
  year		= {1990},
  organization	= {IEEE}
}

@article{Lincoln&Mitchell&Scedrov&Shankar:1992,
  author       = lincoln #{ and }# mitchell #{ and }# scedrov #{ and }# shankar,
  title        = {Decision problems for propositional linear logic},
  journal      = apal,
  volume       = 56,
  number       = {1--3},
  pages        = {239--311},
  year         = 1992,
  doi          = {10.1016/0168-0072(92)90075-B},
}

@inproceedings{Abdulla&Bouajjani&dOrso:2003,
  author       = abdulla #{ and }# bouajjani #{ and }# dorso,
  title        = {Deciding Monotonic Games},
  booktitle    = csl #{03},
  year         = 2003,
  publisher    = springer,
  pages        = {1--14},
  series       = lncs,
  volume       = 2803,
  doi          = {10.1007/978-3-540-45220-1_1},
}

@article{Kiefer:2013,
  author       = kiefer,
  title        = {{BPA} bisimilarity is {{\ComplexityFont{{EXPTIME}}}}-hard},
  journal      = ipl,
  volume       = 113,
  number       = 4,
  year         = 2013,
  pages        = {101--106},
  doi          = {10.1016/j.ipl.2012.12.004},
}

@inproceedings{Habermehl:1997,
  author       = habermehl,
  title        = {On the complexity of the linear-time $\mu$-calculus
                  for {P}etri Nets},
  booktitle    = petrinets #{97},
  OPTeditor    = {Az\'ema, Pierre and Balbo, Gianfranco},
  series       = lncs,
  volume       = 1248,
  pages        = {102--116},
  year         = 1997,
  doi          = {10.1007/3-540-63139-9_32},
  publisher    = springer,
}

@inproceedings{Kosaraju&Sullivan:1988,
  author       = kosaraju #{ and }# sullivan,
  title        = {Detecting cycles in dynamic graphs in polynomial time},
  booktitle    = stoc #{88},
  year         = 1988,
  pages        = {398--406},
  doi          = {10.1145/62212.62251},
  publisher    = acm,
}

@inproceedings{Cohen&Megiddo:1989,
  author       = cohen #{ and }# megiddo,
  title        = {Strongly Polynomial-time and {\NC} Algorithms for
                  Detecting Cycles in Dynamic Graphs},
  booktitle    = stoc #{89},
  year         = 1989,
  pages        = {523--534},
  doi          = {10.1145/73007.73057},
  publisher    = acm,
}

@article{Urquhart:1999,
  author       = urquhart,
  title        = {The Complexity of Decision Procedures In Relevance
                  Logic {II}},
  journal      = jsl,
  year         = 1999,
  volume       = 64,
  number       = 4,
  pages        = {1774--1802},
  doi          = {10.2307/2586811},
}

@article{Kanovich:2016,
  author       = kanovich,
  title        = {The undecidability theorem for the {H}orn-like
                  fragment of linear logic (Revisited)},
  journal      = mscs,
  volume       = 26,
  number       = 5,
  pages        = {719--744},
  year         = 2016,
  doi          = {10.1017/S0960129516000049},
}

@article{Brotherston&Kanovich:2014,
  author       = brotherston #{ and }# kanovich,
  title        = {Undecidability of Propositional Separation Logic and
                  Its Neighbours},
  journal      = jacm,
  volume       = 61,
  number       = 2,
  pages        = {14:1--14:43},
  year         = 2014,
  articleno    = 14,
  numpages     = 43,
  doi          = {10.1145/2542667},
}

@article{Larchey&Galmiche:2013,
  author       = larchey #{ and }# galmiche,
  title        = {Nondeterministic Phase Semantics and the
                  Undecidability of {B}oolean {BI}},
  journal      = tocl,
  volume       = 14,
  number       = 1,
  year         = 2013,
  pages        = {6:1--6:41},
  articleno    = {6},
  numpages     = {41},
  doi          = {10.1145/2422085.2422091},
}

@misc{Mazowiecki&Perez:2017,
  author       = mazowiecki #{ and }# perez,
  note         = perso,
  year         = 2017,
}

@inproceedings{Chatterjee&Doyen&Henzinger&Raskin:2010,
  author =	chatterjee #{ and }# doyen #{ and }# henzinger #{ and
                  }# raskin,
  title =	{Generalized Mean-payoff and Energy Games},
  booktitle =	fsttcs #{10},
  pages =	{505--516},
  series =	lipics,
  year =	{2010},
  volume =	8,
  OPTeditor =	{Kamal Lodaya and Meena Mahajan},
  publisher =	dagstuhl,
  doi =		{10.4230/LIPIcs.FSTTCS.2010.505},
}

@article{Chatterjee&Doyen:2012,
  author      = chatterjee #{ and }# doyen,
  title       = {Energy parity games},
  journal     = tcs,
  volume      = 458,
  year        = 2012,
  pages       = {49--60},
  doi         = {10.1016/j.tcs.2012.07.038},
}

@inproceedings{Bouyer&Fahrenberg&Larsen&Markey&Srba:2008,
  author      = bouyer #{ and }# fahrenberg #{ and }# larsen #{ and }#
                  markey #{ and }# srba,
  OPTeditor   = {Cassez, Franck and Jard, Claude},
  title       = {Infinite Runs in Weighted Timed Automata with Energy
                  Constraints},
  booktitle   = formats #{08},
  year        = 2008,
  publisher   = springer,
  pages       = {33--47},
  series      = lncs,
  volume      = 5215,
  doi         = {10.1007/978-3-540-85778-5_4},
}

@article{Kruskal:1972,
  author       = kruskal,
  title        = {The theory of well-quasi-ordering: {A} frequently
                  discovered concept},  
  journal      = jcomba,
  volume       = 13,
  number       = 3,
  pages        = {297--305},
  year         = 1972,
  doi          = {10.1016/0097-3165(72)90063-5},
}

@article{Dickson:1913,
  author       = dickson,
  title        = {Finiteness of the odd perfect and primitive
                  abundant numbers with $n$ distinct prime factors},
  journal      = ajm,
  year         = 1913,
  volume       = 35,
  number       = 4,
  pages        = {413--422},
  doi          = {10.2307/2370405},
}

@article{Fischer&Meyer&Rosenberg:1968,
  author       = fischerp #{ and }# meyerar #{ and }# rosenberg,
  title        = {Counter machines and counter languages},
  journal      = mst,
  volume       = 2,
  number       = 3,
  pages        = {265--283},
  year         = 1968,
  doi          = {10.1007/BF01694011},
}

@inproceedings{Fahrenberg&Juhl&Larsen&Srba:2011,
  author       = fahrenberg #{ and }# juhl #{ and }# larsen #{ and }# srba,
  OPTeditor    = {Cerone, Antonio and Pihlajasaari, Pekka},
  title        = {Energy Games in Multiweighted Automata},
  booktitle    = ictac #{11},
  year         = 2011,
  publisher    = springer,
  pages        = {95--115},
  series       = lncs,
  volume       = 6916,
  doi          = {10.1007/978-3-642-23283-1_9},
}

@inproceedings{Chakrabarti&deAlfaro&Henzinger&Stoelinga:2003,
  author       = chakrabarti #{ and }# dealfaro #{ and }# henzinger #{
                  #{ and }# }# stoelinga,
  OPTeditor    = {Alur, Rajeev and Lee, Insup},
  title        = {Resource Interfaces},
  booktitle    = emsoft #{03},
  year         = 2003,
  publisher    = springer,
  pages        = {117--133},
  series       = lncs,
  volume       = 2855,
  doi          = {10.1007/978-3-540-45212-6_9},
}

@inproceedings{Bozzelli&Ganty:2011,
  author       = bozzelli #{ and }# ganty,
  title        = {Complexity Analysis of the Backward Coverability
                  Algorithm for {VASS}},
  booktitle    = rp #{11},
  location     = {Genoa, Italy},
  pages        = {96--109},
  year         = {2011},
  doi          = {10.1007/978-3-642-24288-5_10},
  OPTeditor       = {Giorgio Delzanno and Igor Potapov},
  series       = lncs,
  volume       = 6945,
  publisher    = springer,
}

@article{Abdulla&Cerans&Jonsson&Tsay:2000,
  author	= abdulla #{ and }# cerans #{ and }# jonsson #{ and }# tsay, 
  title		= "Algorithmic analysis of programs with
                   well quasi-ordered domains",
  journal	= ic,
  volume	= "160",
  number	= "1/2",
  pages		= "109--127",
  year		= "2000",
  doi		= "10.1006/inco.1999.2843",
}

@article{Finkel&Schnoebelen:2001,
  author	= finkel #{ and }# schnoebelen,
  title		= "Well-Structured Transition Systems Everywhere!",
  journal	= tcs,
  volume	= "256",
  number	= "1--2",
  pages		= "63--92",
  year		= "2001",
  doi		= "10.1016/S0304-3975(00)00102-X",
}

@article{Demri&Jurdzinski&Lachish&Lazic:2012,
  author       = demri #{ and }# jurdzinski #{ and }# lachish #{ and
                  }# lazic,
  title        = {The covering and boundedness problems for branching
                  vector addition systems},
  journal      = jcss,
  volume       = 79,
  number       = 1,
  year         = 2012,
  pages        = {23--38},
  doi          = {10.1016/j.jcss.2012.04.002},
}

@inproceedings{Berard&Haddad&Sassolas&Sznajder:2012,
  author       = berard #{ and }# haddadS #{ and }# sassolas #{ and }#
                  sznadjer,
  title        = {Concurrent Games on~{VASS} with Inhibition},
  booktitle    = concur #{12},
  location     = {Newcastle upon Tyne, UK},
  OPTeditor    = {Koutny, Maciej and Ulidowski, Irek},
  series       = lncs,
  volume       = 7454,
  pages        = {39--52},
  year         = 2012,
  doi          = {10.1007/978-3-642-32940-1_5},
  publisher    = springer,
}

@unpublished{Schmitz&Schnoebelen:2012,
  author       = schmitz #{ and }# schnoebelen,
  title        = {Algorithmic Aspects of WQO Theory},
  year         = 2012,
  note         = {\emph{Lecture notes, European Summer School on Logic, Language and Information, ESSLLI'12}},
  oai          = {cel.archives-ouvertes.fr:cel-00727025},
  url          = {http://cel.archives-ouvertes.fr/cel-00727025}
}

@article{Lazic&Schmitz:2019,
  author       = lazic #{ and }# schmitz,
  title        = {The Ideal View on {R}ackoff's Coverability Technique},
  journal      = ic,
  oai          = {hal.inria.fr:hal-01176755},
  url          = {https://hal.inria.fr/hal-01176755},
  year         = 2019}

@inproceedings{DeGiacomo&Vardi&Felli&Alechina&Logan:2018,
  author       = degiacomo #{ and }# vardi #{ and }# felli #{ and }#
                  alechina #{ and }# logan,
  title        = {Synthesis of Orchestrations of Transducers for
                  Manufacturing},
  booktitle    = aaai #{18},
  year         = 2018,
  url          = {https://www.aaai.org/ocs/index.php/AAAI/AAAI18/paper/view/17250},
  publisher    = {AAAI Publications}
}

@inproceedings{Czerwinski&Lasota&Lazic&Leroux&Mazowiecki:2019,
  author       = czerwinski #{ and }# lasota #{ and }#
                  lazic #{ and }# leroux #{ and }# mazowiecki,
  title        = {The Reachability Problem for {P}etri Nets is Not Elementary},
  booktitle    = stoc #{19},
  year         = 2019,
  publisher    = acm,
  note         = {\href{https://arxiv.org/abs/1809.07115}{arXiv:1809.07115 [cs.LO]}, to appear},
}

@techreport{Haddad&Monmege:2015,
	Author = haddadA #{ and }# monmege,
	Institution = {Universit{\'e} libre de Bruxelles},
	Month = jun,
	Title = {Why Value Iteration Runs in Pseudo-Polynomial Time for Discounted-Payoff Games},
	Type = {Technical note},
	Year = {2015}}


@article{Chatterjee&Henzinger&Piterman:2010,
  author	= chatterjee #{ and }# henzinger #{ and }# piterman,
  title		= {Strategy logic},
  journal	= ic,
  volume	= {208},
  year		= {2010}
}

@article{Alur&Henzinger&Kupferman:2002,
  author	= alur #{ and }# henzinger #{ and }# kupferman,
  title		= {Alternating-time temporal logic},
  journal	= jacm,
  volume	= {49},
  number	= {5},
  pages		= {672--713},
  year		= {2002},
  publisher	= {ACM}
}

@inproceedings{Mogavero&Murano&Perelli&Vardi:2012,
  author	= mogavero #{ and }# murano #{ and }# perelli #{ and }# vardi,
  title		= {What makes {ATL\textsuperscript{*}} decidable? A~decidable fragment of strategy logic},
  booktitle	= concur #{12},
  pages		= {193--208},
  year		= {2012},
  organization	= springer
}
@book{Konig:1936,
  title={Theorie der endlichen und unendlichen Graphen},
  author= konig,
  year={1936},
  publisher={Akademische Verlagsgesellschaft, Leipzig}
}

@inproceedings{Gawlitza&Seidl:2009,
	author    = gawlitza #{ and }# seidl,
 	title     = {Games through Nested Fixpoints},
	booktitle = cav # {09},
	pages     = {291--305},
	year      = {2009},
	Publisher = springer,
	Series = lncs,
	Volume = 5643
}

@inproceedings{Brenguier&Raskin:2015,
  author    = brenguier #{ and }# raskin,
  title     = {Pareto Curves of Multidimensional Mean-Payoff Games},
  booktitle = cav # {15},
  pages     = {251--267},
  year      = {2015},
  series    = lncs,
  volume    = 9207,
  publisher = springer
}
@inproceedings{Velner:2015,
  author    = velner,
  title     = {Robust Multidimensional Mean-Payoff Games are Undecidable},
  booktitle = fossacs # {15},
  pages     = {312--327},
  year      = {2015},
  series    = lncs,
  volume    = 9034,
  publisher = springer
}
@article{Chatterjee&al:2015,
  author    = chatterjee #{ and }# doyen #{ and }# randour #{ and }# raskin,
  title     = {Looking at mean-payoff and total-payoff through windows},
  journal   = ic,
  volume    = 242,
  pages     = {25--52},
  year      = {2015}
}
@inproceedings{Bruyere&Hautem&Randour:2016,
  author    = bruyere #{ and }# hautem #{ and }# randour,
  title     = {Window parity games: an alternative approach toward parity games with
               time bounds},
  booktitle = gandalf # {16},
  pages     = {135--148},
  year      = {2016},
  series    = eptcs,
  volume    = {226}
}
@inproceedings{Chatterjee&Henzinger&Jurdzinski:2005,
  author    = chatterjee #{ and }# henzinger #{ and }# jurdzinski,
  title     = {Mean-Payoff Parity Games},
  booktitle = lics # {05},
  pages     = {178--187},
  publisher = ieee,
  year      = {2005}
}
@inproceedings{Daviaud&Jurdzinski&Lazic:2018,
  author    = daviaud #{ and }# jurdzinski #{ and }# lazic,
  title     = {A pseudo-quasi-polynomial algorithm for mean-payoff parity games},
  booktitle = lics # {18},
  pages     = {325--334},
  publisher = acm,
  year      = {2018}
}
@article{Bouyer&al:2018,
  author    = bouyer #{ and }# markey #{ and }# randour #{ and }# larsen #{ and }# laursen,
  title     = {Average-energy games},
  journal   = acta,
  volume    = {55},
  number    = {2},
  pages     = {91--127},
  year      = {2018}
}
@inproceedings{Bouyer&al:2017,
  author    = bouyer #{ and }# hofman #{ and }# markey #{ and }# randour #{ and }# zimmermann,
  title     = {Bounding Average-Energy Games},
  booktitle = fossacs # {17},
  pages     = {179--195},
  year      = {2017},
  series    = lncs,
  volume    = {10203}
}
@inproceedings{Bruyere&Hautem&Raskin:2016,
  author    = bruyere #{ and }# hautem #{ and }# raskin,
  title     = {On the Complexity of Heterogeneous Multidimensional Games},
  booktitle = concur # {16},
  pages     = {11:1--11:15},
  series    = lipics,
  volume    = {59},
  publisher = dagstuhl,
  year      = {2016}
}
@inproceedings{LeRoux&Pauly&Randour:2018,
  author    = lerouxs  #{ and }# pauly  #{ and }# randour,
  title     = {Extending Finite-Memory Determinacy by {B}oolean Combination of Winning
               Conditions},
  booktitle = fsttcs # {18},
  pages     = {38:1--38:20},
  series    = lipics,
  volume    = {122},
  publisher = dagstuhl,
  year      = {2018}
}
@article{Brassard:1979,
  author    = brassard,
  title     = {A note on the complexity of cryptography (Corresp.)},
  journal   = {{IEEE} Trans. Information Theory},
  volume    = {25},
  number    = {2},
  pages     = {232--233},
  year      = {1979}
}

@article{Bareiss:1968,
	title = {Sylvester's identity and multistep integer-preserving {G}aussian elimination},
	journal = mathcomp,
	author = bareiss,
	year = {1968},
	volume = {22},
	pages = {565--578},
	publisher = ams
}
@article{Tseng:1990,
	title = "Solving {H}-horizon, stationary {M}arkov decision problems in time proportional to {{\(\log(H)\)}}",
	journal = orl,
	volume = "9",
	number = "5",
	pages = "287--297",
	year = "1990",
	author = tseng,
	publisher = elsevier
}
@inproceedings{Hollanders&Delvenne&Jungers:2012,
	author= hollanders #{ and }# delvenne #{ and }# jungers,
	booktitle= cdc # {12},
	title={The complexity of Policy Iteration is exponential for discounted {M}arkov Decision Processes},
	year={2012},
	volume={},
	number={},
	pages={5997--6002},
	publisher = ieee
}

@article{Bruyere&al:2017,
  author    = bruyere #{ and }# filiot #{ and }# randour #{ and }# raskin,
  title     = {Meet your expectations with guarantees: Beyond worst-case synthesis
               in quantitative games},
  journal   = ic,
  volume    = {254},
  pages     = {259--295},
  year      = {2017}
}
@inproceedings{Clemente&Raskin:2015,
  author    = clemente #{ and }# raskin,
  title     = {Multidimensional beyond Worst-Case and Almost-Sure Problems for Mean-Payoff
               Objectives},
  booktitle = lics # {15},
  pages     = {257--268},
  publisher = ieee,
  year      = {2015}
}
@inproceedings{Berthon&Randour&Raskin:2017,
  author    = berthon #{ and }# randour #{ and }# raskin,
  title     = {Threshold Constraints with Guarantees for Parity Objectives in {M}arkov
               Decision Processes},
  booktitle = icalp # {17},
  pages     = {121:1--121:15},
  series    = lipics,
  volume    = {80},
  publisher = dagstuhl,
  year      = {2017}
}
@inproceedings{David&al:2014,
  author    = davida #{ and }# jensen #{ and }# larsen #{ and }# legay #{ and }# lime #{ and }# sorensenm #{ and }# taankvist,
  title     = {On Time with Minimal Expected Cost!},
  booktitle = atva # {14},
  pages     = {129--145},
  series    = lncs,
  volume    = {8837},
  publisher = springer,
  year      = {2014}
}
@inproceedings{Brazdil&Kucera&Novotny:2016,
  author    = brazdil #{ and }# kucera #{ and }# novotny,
  title     = {Optimizing the Expected Mean Payoff in Energy {M}arkov Decision Processes},
  booktitle = atva # {16},
  pages     = {32--49},
  series    = lncs,
  volume    = {9938},
  year      = {2016}
}
@inproceedings{Almagor&Kupferman&Velner:2016,
  author    = almagor #{ and }# kupferman #{ and }# velner,
  title     = {Minimizing Expected Cost Under Hard {B}oolean Constraints, with Applications
               to Quantitative Synthesis},
  booktitle = concur # {16},
  pages     = {9:1--9:15},
  series    = lipics,
  volume    = {59},
  publisher = dagstuhl,
  year      = {2016}
}
@inproceedings{Randour&Raskin&Sankur:2015,
  author    = randour #{ and }# raskin #{ and }# sankur,
  title     = {Variations on the Stochastic Shortest Path Problem},
  booktitle = vmcai # {15},
  pages     = {1--18},
  series    = lncs,
  volume    = {8931},
  publisher = springer,
  year      = {2014}
}
@inproceedings{Brenguier&al:2016,
  author    = brenguier #{ and }# clemente #{ and }# hunter #{ and }# perez #{ and }# randour #{ and }# raskin #{ and }# sankur #{ and }# sassolas,
  title     = {Non-Zero Sum Games for Reactive Synthesis},
  booktitle = lata # {16},
  pages     = {3--23},
  series    = lncs,
  volume    = {9618},
  publisher = springer,
  year      = {2016}
}


@article{AD94,
  author =        alur # { and }# dill,
  title =         {A Theory of Timed Automata},
  publisher =     elsevier,
  journal =       tcs,
  volume =        {126},
  number =        {2},
  pages =         {183-235},
  year =          {1994},
  month =         apr,
  sort-month =    {040},
}

@inproceedings{Dil90,
  author =        dill,
  booktitle =     avmfss#{89},
  OLDbooktitle =     {{P}roceedings of the {I}nternational {W}orkshop on
                   {A}utomatic {V}erification {M}ethods for {F}inite
                   {S}tate {S}ystems ({AVMFSS}'89)},
  OPTeditor =        {Sifakis, Joseph},
  pages =         {197-212},
  publisher =     springer,
  series =        lncs,
  title =         {Timing Assumptions and Verification of Finite-State
                   Concurrent Systems},
  volume =        {407},
  year =          {1990},
  acronym =       {{AVMFSS}'89},
}

@inproceedings{BM83,
  author =        berthomieu # { and } # menasche,
  booktitle =     wcc#{83},
  OLDbooktitle =     {{I}nformation {P}rocessing~83~-- {P}roceedings of the
                   9th {IFIP} {W}orld {C}omputer {C}ongress ({WCC}'83)},
  OPTeditor =        {Mason, R. E. A.},
  month =         sep,
  pages =         {41-46},
  publisher =     {North-Holland/IFIP},
  title =         {An~Enumerative Approach for Analyzing Time {P}etri
                   Nets},
  year =          {1983},
  acronym =       {{WCC}'83},
}


@inproceedings{AMPS98,
  author =        asarin # { and } # maler # { and } # pnueli # { and } #
                   sifakis,
  booktitle =      scc#{98},
  OLDbooktitle =     {{P}roceedings of the 5th {IFAC} {C}conference on
                   {S}ystem {S}tructure and {C}ontrol ({SSC}'98)},
  month =         jul,
  pages =         {469-474},
  publisher =     elsevier,
  title =         {Controller Synthesis for Timed Automata},
  year =          {1998},
  acronym =       {{SSC}'98},
}

@inproceedings{CDFLL05,
  author =        cassez # { and } # davida # { and } #
                   fleury # { and } # larsen # { and } # 
                   lime, 
  booktitle =      concur#{05},
  OLDbooktitle =     {{P}roceedings of the 16th {I}nternational
                   {C}onference on {C}oncurrency {T}heory ({CONCUR}'05)},
  OPTeditor =        {Abadi, Mart{\'\i}n and de Alfaro, Luca},
  month =         aug,
  pages =         {66-80},
  publisher =     springer,
  series =        lncs,
  title =         {Efficient On-the-fly Algorithms for the Analysis of
                   Timed Games},
  volume =        {3653},
  year =          {2005},
  acronym =       {{CONCUR}'05},
  doi =           {10.1007/11539452_9},
  note = "Full version available at \url{https://hal.archives-ouvertes.fr/hal-00350475}",
}

@inproceedings{LS98,
  author =        liu # { and } # smolka,
  booktitle =     icalp#{98},
  OLDbooktitle =     {{P}roceedings of the 25th {I}nternational
                   {C}olloquium on {A}utomata, {L}anguages and
                   {P}rogramming ({ICALP}'98)},
  editor =        {Larsen, Kim Guldstrand and Skyum, Sven and
                   Winskel, Glynn},
  month =         jul,
  pages =         {53-66},
  publisher =     springer,
  series =        lncs,
  title =         {Simple Linear-Time Algorithms for Minimal Fixed
                   Points},
  volume =        {1443},
  year =          {1998},
  acronym =       {{ICALP}'98},
}


@inproceedings{JLSO13,
  author =        jensen.j # { and } # larsen # { and } #
                   srba # { and } # ostergaard,
  booktitle =      spin#{13},
  OLDbooktitle =     {{P}roceedings of the 20th {I}nternational {S}ymposium
                   on {M}odel-{C}herking {S}oftware ({SPIN}'13)},
  OPTeditor =        {Bartocci, Ezio and Ramakrishnan, C. R.},
  month =         jul,
  pages =         {178-195},
  publisher =     springer,
  series =        lncs,
  title =         {Local Model Checking of Weighted {CTL} with
                   Upper-Bound Constraints},
  volume =        {7976},
  year =          {2013},
  acronym =       {{SPIN}'13},
  doi =           {10.1007/978-3-642-39176-7_12},
}


@inproceedings{MPS95,
  author =        maler # { and } # pnueli # { and } # sifakis,
  booktitle =     stacs#{95},
  OLDbooktitle =     {{P}roceedings of the 12th {S}ymposium on
                   {T}heoretical {A}spects of {C}omputer {S}cience
                   ({STACS}'95)},
  OPTeditor =        {Mayr, Ernst W. and Puech, Claude},
  month =         mar,
  pages =         {229-242},
  publisher =     springer,
  series =        lncs,
  title =         {On the Synthesis of Discrete Controllers for Timed
                   Systems (An~Extended Abstract)},
  volume =        {900},
  year =          {1995},
  acronym =       {{STACS}'95},
}

@inproceedings{TA99,
  author =        tripakis # { and } # altisen,
  booktitle =     fm#{99},
  OLDbooktitle =     {{P}roceedings of the {W}orld {C}ongress on {F}ormal
                   {M}ethods ({FM}'99)},
  OPTeditor =        {Wing, Jeannette M. and Woodcock, Jim and Davies, Jim},
  month =         sep,
  pages =         {233-252},
  publisher =     springer,
  series =        lncs,
  title =         {On-the-Fly Controller Synthesis for Discrete and
                   Dense-Time Systems},
  volume =        {1708},
  year =          {1999},
  acronym =       {{FM}'99},
}

@inproceedings{AFHMS03,
  author =        dealfaro # { and } # faella # { and } #
                   henzinger # { and } # majumdar # { and } #
                   stoelinga,
  booktitle =     concur#{03},
  OLDbooktitle =     {{P}roceedings of the 14th {I}nternational
                   {C}onference on {C}oncurrency {T}heory ({CONCUR}'03)},
  OPTeditor =        {Amadio, Roberto and Lugiez, Denis},
  month =         aug,
  pages =         {142-156},
  publisher =     springer,
  series =        lncs,
  title =         {The Element of Surprise in Timed Games},
  volume =        {2761},
  year =          {2003},
  acronym =       {{CONCUR}'03},
}

@article{BMS15,
  author =        bouyer # { and } # markey # { and } # sankur,
  journal =       tcs,
  month =         jan,
  pages =         {43-74},
  publisher =     elsevier,
  title =         {Robust Reachability in Timed Automata and Games:
                   A~Game-based Approach},
  volume =        {563},
  year =          {2015},
}

@inproceedings{BFM15,
  author =        bouyer # { and } # fang # { and } # markey,
  booktitle =     avocs#{15},
  OLDbooktitle =     {{P}roceedings of the 15th {I}nternational {W}orkshop
                   on {A}utomated {V}erification of {C}ritical {S}ystems
                   ({AVOCS}'15)},
  OPTeditor =        {Grov, Gudmund and Ireland, Andrew},
  month =         sep,
  publisher =     {European Association of Software Science and
                   Technology},
  series =        {Electronic Communications of the EASST},
  title =         {Permissive strategies in timed automata and games},
  volume =        {72},
  year =          {2015},
}

@article{LLTW14,
  author =        larsen # { and } # legay # { and } #
                   traonouez # { and } #  wasowski,
  journal =       tcs,
  month =         jan,
  pages =         {96-122},
  publisher =     elsevier,
  title =         {Robust synthesis for real-time systems},
  volume =        {515},
  year =          {2014},
}

@inproceedings{ORS14,
  author =        oualhadj # { and } # reynier # { and } # sankur,
  booktitle =     concur#{14},
  OLDbooktitle =     {{P}roceedings of the 25th {I}nternational
                   {C}onference on {C}oncurrency {T}heory ({CONCUR}'14)},
  editor =        {Baldan, Paolo and Gorla, Daniele},
  month =         sep,
  pages =         {203-217},
  publisher =     springer,
  series =        lncs,
  title =         {Probabilistic Robust Timed Games},
  volume =        {8704},
  year =          {2014},
  acronym =       {{CONCUR}'14},
  doi =           {10.1007/978-3-662-44584-6_15},
}

@inproceedings{BBR05,
  author =        brihaye # { and } # bruyere # { and } # raskin,
  booktitle =     formats#{05},
  OLDbooktitle =     {{P}roceedings of the 3rd {I}nternational
                   {C}onferences on {F}ormal {M}odelling and {A}nalysis
                   of {T}imed {S}ystems ({FORMATS}'05)},
  editor =        {Pettersson, Paul and Yi, Wang},
  month =         sep,
  pages =         {49-64},
  publisher =     springer,
  series =        lncs,
  title =         {On Optimal Timed Strategies},
  volume =        {3829},
  year =          {2005},
  acronym =       {{FORMATS}'05},
  doi =           {10.1007/11603009_5},
}

@article{BBM06,
  author =        bouyer # { and } # brihaye # { and } # markey,
  journal =       ipl,
  month =         jun,
  number =        {5},
  pages =         {188-194},
  publisher =     elsevier,
  title =         {Improved Undecidability Results on Weighted Timed
                   Automata},
  volume =        {98},
  year =          {2006},
  doi =           {10.1016/j.ipl.2006.01.012},
}

@inproceedings{BJM15,
  author =        bouyer # { and } # jaziri # { and } # markey,
  booktitle =     concur#{15},
  OLDbooktitle =     {{P}roceedings of the 26th {I}nternational
                   {C}onference on {C}oncurrency {T}heory ({CONCUR}'15)},
  OPTeditor =        {Aceto, Luca and de Frutos{-}Escrig, David},
  month =         sep,
  pages =         {311-324},
  publisher =     dagstuhl,
  series =        lipics,
  title =         {On~the Value Problem in Weighted Timed Games},
  volume =        {42},
  year =          {2015},
  acronym =       {{CONCUR}'15},
  doi =           {10.4230/LIPIcs.CONCUR.2015.311},
}

@inproceedings{BDMP03,
  author =        bouyer # { and } # dsouza # { and } #
                   madhusudan # { and } # petit,
  booktitle =     cav#{03},
  OLDbooktitle =     {{P}roceedings of the 15th {I}nternational
                   {C}onference on {C}omputer {A}ided {V}erification
                   ({CAV}'03)},
  OPTeditor =        {Hunt, Jr, Warren A. and Somenzi, Fabio},
  month =         jul,
  pages =         {180-192},
  publisher =     springer,
  series =        lncs,
  title =         {Timed Control with Partial Observability},
  volume =        {2725},
  year =          {2003},
  acronym =       {{CAV}'03},
}

@inproceedings{CDLLR07,
  author =        cassez # { and } # davida # { and } #
                   larsen # { and } # lime # { and } #
                   raskin,
  booktitle =    atva#{07},
  OLDbooktitle =     {{P}roceedings of the 5th {I}nternational {S}ymposium
                   on {A}utomated {T}echnology for {V}erification and
                   {A}nalysis ({ATVA}'07)},
  OPTeditor =        {Namjoshi, Kedar and Yoneda, Tomohiro and
                   Higashino, Teruo and Okamura, Yoshio},
  month =         oct,
  pages =         {192-206},
  publisher =     springer,
  series =        lncs,
  title =         {Timed Control with Observation Based and Stuttering
                   Invariant Strategies},
  volume =        {4762},
  year =          {2007},
  acronym =       {{ATVA}'07},
  doi =           {10.1007/978-3-540-75596-8_15},
}

@inproceedings{BCD+07,
  author =        behrmann # { and } # cougnard # { and } #
                   davida # { and } # fleury # { and } #
                   larsen # { and } # lime,
  booktitle =      cav#{07},
  OLDbooktitle =     {{P}roceedings of the 19th {I}nternational
                   {C}onference on {C}omputer {A}ided {V}erification
                   ({CAV}'07)},
  OPTeditor =        {Damm, Werner and Hermanns, Holger},
  month =         jul,
  pages =         {121-125},
  publisher =     springer,
  series =        lncs,
  title =         {{UPPAAL-Tiga}: Time for Playing Games!},
  volume =        {4590},
  year =          {2007},
  acronym =       {{CAV}'07},
}

@inproceedings{CJLRR09,
  author =        cassez # { and } # jensen.jj # { and } #
                   larsen # { and } # raskin # { and } #
                   reynier,
  booktitle =      hscc#{09},
  OLDbooktitle =     {{P}roceedings of the 12th {I}nternational {W}orkshop
                   on {H}ybrid {S}ystems: {C}omputation and {C}ontrol
                   ({HSCC}'09)},
  OPTeditor =        {Majumdar, Rupak and Tabuada, Paulo},
  month =         apr,
  pages =         {90-104},
  publisher =     springer,
  series =        lncs,
  title =         {Automatic Synthesis of Robust and Optimal
                   Controllers~-- An~Industrial Case Study},
  volume =        {5469},
  year =          {2009},
  acronym =       {{HSCC}'09},
}

@mastersthesis{Sor14,
  author =        sorensenm,
  school =        {Computer Science Department, Aalborg University,
                   Denmark},
  title =         {Controller synthesis for home automation},
  year =          {2014},
}

@inproceedings{DJLMT15,
  author =        davida # { and } # jensen # { and } #
                   larsen # { and } # mikucionis # { and } #
                   taankvist,
  booktitle =     tacas#{15},
  OLDbooktitle =     {{P}roceedings of the 21st {I}nternational
                   {C}onference on {T}ools and {A}lgorithms for
                   {C}onstruction and {A}nalysis of {S}ystems
                   ({TACAS}'15)},
  OPTeditor =        {Baier, {\relax Ch}ristel and Tinelli, Cesare},
  month =         apr,
  pages =         {206-211},
  publisher =     springer,
  series =        lncs,
  title =         {Uppaal Stratego},
  volume =        {9035},
  year =          {2015},
  acronym =       {{TACAS}'15},
  doi =           {10.1007/978-3-662-46681-0_16},
}


@inproceedings{PEM11,
  author =        peter # { and } # ehlers # { and } # mattmuller,
  booktitle =      cav#{11},
  OLDbooktitle =     {Proceedings of the 23rd International Conference on
                   Computer Aided Verification ({CAV}'11)},
  OPTeditor =        {Ganesh Gopalakrishnan and Shaz Qadeer},
  pages =         {649-655},
  publisher =     springer,
  series =        lncs,
  title =         {Synthia: Verification and Synthesis for Timed
                   Automata},
  volume =        {6806},
  year =          {2011},
  acronym =       {{CAV}'11},
  doi =           {10.1007/978-3-642-22110-1_52},
}

@inproceedings{EMP10,
  author =        ehlers # { and } # mattmuller # { and } # peter,
  booktitle =     formats#{10},
  OLDbooktitle =     {{P}roceedings of the 8th {I}nternational
                   {C}onferences on {F}ormal {M}odelling and {A}nalysis
                   of {T}imed {S}ystems ({FORMATS}'10)},
  OPTeditor =        {Chatterjee, Krishnendu and Henzinger, Thomas A.},
  month =         sep,
  pages =         {107-212},
  publisher =     springer,
  series =        lncs,
  title =         {Combining Symbolic Representations for Solving Timed
                   Games},
  volume =        {6246},
  year =          {2010},
  acronym =       {{FORMATS}'10},
  doi =           {10.1007/978-3-642-15297-9_10},
}

@incollection{BY04,
  author =              bengtsson # { and } # yi,
  title =               {Timed Automata: Semantics, Algorithms and Tools},
  editor =              {Desel, J{\"o}rg and Reisig, Wolfgang and Rozenberg,
                         Grzegorz},
  booktitle =           {Lectures on Concurrency and {P}etri Nets},
  publisher =           springer,
  series =              lncs,
  volume =              {2098},
  pages =               {87-124},
  year =                {2004},
  doi =                 {10.1007/b98282},
}

@inproceedings{CHP08,
  author =             chatterjee # " and " # henzinger # " and " # prabhu,
  title =              "Trading Infinite Memory for Uniform Randomness 
                       in Timed Games",
  OPTeditor =             "Egerstedt, Magnus and Mishra, Bud",
  booktitle =          hscc#{08},
  pages =         {87-100},
  publisher =     springer,
  series =        lncs,
  volume =        {4981},
  year =          {2008},
  doi =           {10.1007/978-3-540-78929-1_7},
}

@book{Garling:07,
  author =             garling,
  title =              "Inequalities: A Journey Into Linear Analysis",
  pages =         {336},
  publisher =     cup,
  year =          {2007},
  isbn = {978-0-521-69973-0}
}

