@inproceedings{Abdulla&al:2013,
  author       = abdulla #{ and }# mayrr #{ and }# sangnier # {
                  #{ and }# } # sproston,
  title        = {Solving Parity Games on Integer Vectors}, 
  booktitle    = concur # {13},
  OPTeditor       = {Pedro R. D'Argenio and Hern\'an Melgratti},
  location     = {Buenos Aires, Argentina},
  series       = lncs,
  volume       = 8052,
  pages        = {106--120},
  year         = 2013,
  doi          = {10.1007/978-3-642-40184-8_9},
  arxiv        = {1306.2806},
  publisher    = springer,
}

@inproceedings{Alechina&al:2016,
  location     = {Aalborg, Denmark},
  author       = alechina #{ and }# bulling #{ and }# demri #{ and }# logan,
  booktitle    = rp # {16},
  doi          = {10.1007/978-3-319-45994-3_3},
  OPTeditor    = {Larsen, Kim G. and Srba, Ji{\v{r}}{\'\i}},
  pages        = {36--50},
  publisher    = springer,
  series       = lncs,
  title        = {On the Complexity of Resource-Bounded Logics},
  volume       = 9899,
  year         = 2016,
}

@article{Alechina&al:2018,
  author       = alechina #{ and }# bulling #{ and }# demri #{ and }# logan,
  title        = {On the complexity of resource-bounded logics},
  journal      = tcs,
  volume       = 750,
  year         = 2018,
  pages        = {69--100},
  doi          = {10.1016/j.tcs.2018.01.019},
}

@inproceedings{Brazdil&Jancar&Kucera:2010,
  author       = brazdil #{ and }# jancar #{ and }# kucera,
  title        = {Reachability Games on Extended Vector Addition
                  Systems with States},
  booktitle    = icalp # {10},
  OPTeditor       = {Abramsky, Samson #{ and }# Gavoille, Cyril #{ and }# Kirchner,
                  Claude #{ and }# Meyer auf der Heide, Friedhelm and
                  Spirakis, Paul G.},
  series       = lncs,
  volume       = 6199,
  pages        = {478--489},
  year         = 2010,
  doi          = {10.1007/978-3-642-14162-1_40},
  publisher    = springer,
}

@article{Chatterjee&Randour&Raskin:2014,
  author       = chatterjee #{ and }# randour #{ and }# raskin,
  title        = {Strategy Synthesis for Multi-Dimensional
                  Quantitative Objectives},
  journal      = acta,
  year         = 2014,
  volume       = 51,
  number       = {3--4}, 
  pages        = {129--163},
  doi          = {10.1007/s00236-013-0182-6},
}

@article{Chaloupka:2013,
  title        = {{Z}-reachability Problem for Games on 2-dimensional
                  Vector Addition Systems with States is in {\P}},
  author       = chaloupka,
  journal      = fundinf,
  volume       = 123, 
  number       = 1,
  year         = 2013,
  pages        = {15--42},
  doi          = {10.3233/FI-2013-798},
}

@inproceedings{Colcombet&Jurdzinski&Lazic&Schmitz:2017,
  author       = colcombet #{ and }# jurdzinski #{ and }# lazic #{ and }# schmitz,
  title        = {Perfect Half-Space Games},
  booktitle    = lics # {17},
  year         = 2017,
  publisher    = ieee,
  doi          = {10.1109/LICS.2017.8005105},
}

@inproceedings{Courtois&Schmitz:2014,
  author    = courtois #{ and }# schmitz,
  title     = {Alternating Vector Addition Systems with States},
  booktitle = mfcs # {14},
  location  = {Budapest, Hungary},
  year      = 2014,
  pages     = {220--231},
  doi       = {10.1007/978-3-662-44522-8_19},
  OPTeditor    = {Erzs{\'{e}}bet Csuhaj{-}Varj{\'{u}} and
               Martin Dietzfelbinger and
               Zolt{\'{a}}n {\'{E}}sik},
  series    = lncs,
  volume    = 8634,
  publisher = springer,
}

@inproceedings{Esparza:1996,
  author       = esparza,
  title        = {Decidability and complexity of {P}etri net problems ---
                  an introduction},
  booktitle    = {Lectures on Petri Nets {I:} Basic Models},
  pages        = {374--428},
  year         = 1998,
  doi          = {10.1007/3-540-65306-6_20},
  OPTeditor       = {Wolfgang Reisig and Grzegorz Rozenberg},
  series       = lncs,
  volume       = 1491,
  publisher    = springer,
}

@InProceedings{Hunter:2015,
        author = hunter,
        title  = {Reachability in Succinct One-Counter Games},
        booktitle= rp # {15},
        year   = 2015,
        publisher= springer,
        pages  = {37--49},
        isbn   = {978-3-319-24537-9},
        doi    = {10.1007/978-3-319-24537-9_5},
        volume = 9328,
        series = lncs,
}

@article{Greibach:1978,
  author       = greibach,
  title        = {Remarks on blind and partially blind one-way
                  multicounter machines},
  journal      = tcs,
  volume       = 7,
  number       = 3,
  pages        = {311--324},
  year         = 1978,
  doi          = {10.1016/0304-3975(78)90020-8},
}

@article{Hopcroft&Pansiot:1979,
  author       = hopcroft #{ and }# pansiot,
  title        = {On the reachability problem for 5-dimensional vector
                  addition systems},
  journal      = tcs,
  volume       = 8,
  year         = 1979,
  pages        = {135--159},
  doi          = {10.1016/0304-3975(79)90041-0},
}

@InProceedings{Jancar&Osicka&Sawa:2018,
        author = jancar #{ and }# osicka #{ and }# sawa,
        title  = {{\EXPSPACE}-complete Variant of Countdown Games, and
                  Simulation on Succinct One-Counter Nets},
        booktitle= rp # {18},
        year   = 2018,
        publisher= springer,
        pages  = {59--74},
        doi    = {10.1007/978-3-030-00250-3_5},
        volume = 11123,
        series = lncs,
}

@inproceedings{Jancar:2015,
  author    = jancar,
  title     = {On Reachability-Related Games on Vector Addition
                  Systems with States},
  booktitle = rp # {15},
  pages     = {50--62},
  year      = {2015},
  doi       = {10.1007/978-3-319-24537-9_6},
  publisher = springer,
  OPTeditor    = {Mikolaj Bojanczyk and
               Slawomir Lasota and
               Igor Potapov},
  series    = lncs,
  volume    = 9328,
}

@inproceedings{Jurdzinski&Lazic&Schmitz:2015,
  author    = jurdzinski #{ and }# lazic #{ and }# schmitz,
  title     = {Fixed-Dimensional Energy Games are in Pseudo-Polynomial Time},
  booktitle = icalp # {15},
  pages     = {260--272},
  year      = {2015},
  doi       = {10.1007/978-3-662-47666-6_21},
  OPTeditor = {Magn{\'{u}}s M. Halld{\'{o}}rsson and
               Kazuo Iwama and
               Naoki Kobayashi and
               Bettina Speckmann},
  series    = lncs,
  volume    = 9135,
  publisher = springer,
}

@article{Jurdzinski&Laroussinie&Sproston:2008,
  title        = {Model Checking Probabilistic Timed Automata with One
                  or Two Clocks},
  author       = jurdzinski #{ and }# laroussinie #{ and }# sproston,
  journal      = lmcs,
  volume       = 4,
  number       = 3,
  articleno    = 12,
  numpages     = 38,
  pages        = {12:1--12:38},
  year         = 2008,
  doi          = {10.2168/LMCS-4(3:12)2008},
}

@article{Kanovich:1995,
  author       = kanovich,
  title        = {{P}etri nets, {H}orn programs, Linear Logic and
                  vector games},
  journal      = apal,
  volume       = 75,
  number       = {1--2},
  pages        = {107--135},
  year         = 1995,
  doi          = {10.1016/0168-0072(94)00060-G},
}

@inProceedings{Kosaraju:1982,
  author       = kosaraju,
  title        = {Decidability of reachability in vector addition systems},
  booktitle    = stoc # {82},
  year         = 1982,
  pages        = {267--281},
  location     = {San Francisco, California, USA},
  doi          = {10.1145/800070.802201},
  publisher    = acm,
}

@Article{Lambert:1992,
  author       = lambert,
  title        = {A structure to decide reachability in {P}etri nets},
  journal      = tcs,
  volume       = 99,
  number       = 1,
  year         = 1992,
  pages        = {79--104},
  doi          = {10.1016/0304-3975(92)90173-D},
}

@InProceedings{Leroux:2011,
  author       = leroux,
  title        = {Vector addition system reachability problem: a short
                  self-contained proof},
  booktitle    = popl # {11},
  year         = 2011,
  location     = {Austin, TX, USA},
  pages        = {307--316},
  doi          = {10.1145/1926385.1926421},
  publisher    = acm,
}


@techReport{Lipton:1976,
  author       = lipton,
  title        = {The reachability problem requires exponential space},
  institution  = {Yale University},
  number       = 62,
  year         = 1976,
}

@inProceedings{Mayr:1981,
  author       = mayr,
  title        = {An algorithm for the general {P}etri net
                  reachability problem},
  booktitle    = stoc # {81},
  year         = 1981,
  pages        = {238--246},
  location     = {Milwaukee, Wisconsin, USA},
  doi          = {10.1145/800076.802477},
  publisher    = acm,
}

@book{Minsky:1967,
        author = minsky,
        title  = {Computation: finite and infinite machines},
        year   = 1967,
        publisher= prh,
}

@inproceedings{Niskanen&Potapov&Reichert:2016,
  title        = {Undecidability of Two-dimensional Robot Games},
  author       = niskanen #{ and }# potapov #{ and }# reichert,  
  booktitle    = mfcs # {16},
  pages =	{73:1--73:13},
  series =	lipics,
  year =	{2016},
  volume =	{58},
  OPTeditor =	{Piotr Faliszewski and Anca Muscholl and Rolf Niedermeier},
  publisher =	dagstuhl,
  doi =		{10.4230/LIPIcs.MFCS.2016.73},
  }

@phdthesis{Petri:1962,
  author       = petri,
  title        = {Kommunikation mit Automaten},
  school       = {Universit\"at Bonn},
  year         = 1962,
  urn          = {urn:nbn:de:gbv:18-228-7-1602},
  url          = {http://edoc.sub.uni-hamburg.de/informatik/volltexte/2011/160/},
}

@article{Rackoff:1978,
  author       = rackoff,
  title        = {The covering and boundedness problems for vector
                  addition systems},
  journal      = tcs,
  volume       = 6,
  number       = 2,
  year         = 1978,
  pages        = {223--231},
  doi          = {10.1016/0304-3975(78)90036-1},
}

@inproceedings{Raskin&Samuelides&VanBegin:2005,
  author       = raskin #{ and }# samuelides #{ and }# vanbegin,
  title        = {Games for Counting Abstractions},
  booktitle    = avocs # {04},
  series       = entcs,
  volume       = 128,
  year         = 2005,
  pages        = {69--85},
  doi          = {10.1016/j.entcs.2005.04.005},
  publisher    = elsevier,
}

@article{Velner&al:2015,
  author       = velner #{ and }# chatterjee #{ and }# doyen # {
                and  } # henzinger #{ and }# rabinovich #{ and }#
                  raskin,
  title        = {The complexity of multi-mean-payoff and multi-energy
                  games},
  journal      = ic,
  volume       = 241,
  pages        = {177--196},
  year         = 2015,
  doi          = {10.1016/j.ic.2015.03.001},
}

