@incollection{Gillette:1957,
	Author = gillette,
	Booktitle = {Contributions to the Theory of Games III},
	Pages = {179--187},
	Publisher = pup,
	Series = amst,
	Title = {Stochastic Games with Zero Stop Probability},
	Volume = 39,
	Year = 1957}

@book{Howard:1960,
	Author = howard,
	Publisher = {M.I.T. Press},
	Title = {Dynamic Programming and Markov Processes},
	Year = 1960}

@inproceedings{Shapley:1953,
	Author = shapley,
	Booktitle = pnas,
	Pages = {1095--1100},
	Title = {Stochastic Games},
	Volume = 39,
	Year = 1953}

@book{Puterman:2005,
	title = {Markov Decision Processes: Discrete Stochastic Dynamic Programming},
	author = puterman,
	year = 2005,
	publisher = {John Wiley \& Sons}
}

