@book{Bertsimas&Tsitsiklis:1997,
  author    = bertsimas #{ and }# tsitsiklis,
  title     = {Introduction to linear optimization},
  series    = {Athena scientific optimization and computation series},
  volume    = {6},
  publisher = {Athena Scientific},
  year      = {1997},
  isbn      = {978-1-886529-19-9},
}

@article{Buchi&Landweber:1969,
	Author = buchi #{ and }# landweber,
	Journal = tams,
	Pages = {295--311},
	Title = {Solving Sequential Conditions by Finite-State Strategies},
	Volume = 138,
	Year = 1969}

@inproceedings{Buchi:1977,
  author    = buchi,
  title     = {Using Determinancy of Games to Eliminate Quantifiers},
  booktitle = fct # {77},
  pages     = {367--378},
  year      = {1977},
}

@incollection{Church:1957,
        Author = church,
        Booktitle = {Summaries of the Summer Institute of Symbolic Logic},
        Pages = {3--50},
        Publisher = {Cornell University},
        Title = {Applications of recursive arithmetic to the problem of cricuit synthesis},
        Volume = {I},
        Year = {1957}}

@inproceedings{Church:1962,
	Author = church,
	Booktitle = {Proceedings of the International Congress of Mathematicians},
	Pages = {23--35},
	Title = {Logic, arithmetic, and automata},
	Year = 1962}

@article{Ehrenfeucht:1961,
	Author = ehrenfeucht,
	Journal = {Comptes-rendus de l'Acad{\'e}mie des Sciences},
	Pages = {129--141},
	Title = {An application of games to the completeness problem for formalized theories},
	Volume = 49,
	Year = 1961}

@inproceedings{Fraisse:1950,
	Author = fraisse,
	Booktitle = {Comptes Rendus de l'Acad{\'e}mie des Sciences},
	Pages = {1022--1024},
	Title = {Sur une nouvelle classification des syst{\`e}mes de relations},
	Volume = 230,
	Year = 1950}

@inproceedings{Fraisse:1953,
	Author = fraisse,
	Pages = {35--182},
	Booktitle = {Publications Scientifiques de l'Universit{\'e} d'Alger},
	Title = {Sur quelques classifications des syst{\`e}mes de relations},
	Year = 1953}

@article{Gale&Stewart:1953,
  author    = gale #{ and }# stewart,
  title     = {Infinite games with perfect information},
  journal   = {Annals of Mathematical Studies},
  volume    = {28},
  pages     = {245--266},
  year      = {1953}}

@article{Graedel:2002,
  author    = graedel,
  title     = {Model Checking Games},
  journal   = entcs,
  volume    = {67},
  pages     = {15--34},
  year      = {2002}}

@inproceedings{Gurevich&Harrington:1982,
	Author = gurevich #{ and }# harrington,
	Booktitle = stoc # {82},
	Pages = {60--65},
	Publisher = acm,
	Title = {Trees, Automata, and Games},
	Year = 1982}

@book{Hodges:1993,
  author    = {Wilfrid Hodges},
  title     = {Model theory},
  series    = {Encyclopedia of mathematics and its applications},
  volume    = {42},
  publisher = {Cambridge University Press},
  year      = {1993},
}

@article{Landweber:1967,
	Author = landweber,
	Journal = {Notices of the American Mathematical Society},
	Pages = {129--130},
	Title = {Finite state games--A solvability algorithm for restricted second-order arithmetic},
	Volume = 14,
	Year = 1967}

@article{Martin:1975,
	Author = martin,
	Journal = {Annals of Mathematics},
	Number = 2,
	Pages = {363--371},
	Title = {Borel Determinacy},
	Volume = 102,
	Year = 1975}

@techreport{McNaughton:1965,
	Author = mcnaughton,
	Institution = mit,
	Title = {Finite-state Infinite Games},
	Year = 1965}

@article{McNaughton:1966,
  author    = McNaughton,
  title     = {Testing and Generating Infinite Sequences by a Finite Automaton},
  journal   = ic,
  volume    = {9},
  number    = {5},
  pages     = {521--530},
  year      = 1966}

@inproceedings{Thomas:2009,
  author    = thomas,
  title     = {Facets of Synthesis: Revisiting {C}hurch's Problem},
  booktitle = fossacs # {09},
  pages     = {1--14},
  year      = {2009}}

@incollection{Thomas:1997,
  author    = thomas,
  title     = {Languages, Automata, and Logic},
  booktitle = {Handbook of Formal Languages, Volume 3: Beyond Words},
  publisher = springer,
  pages     = {389--455},
  year      = {1997}}

@article{Rabin:1969,
	Author = rabin,
	Journal = tams,
	Pages = {1--35},
	Title = {Decidability of Second-Order Theories and Automata on Infinite Trees},
	Volume = 141,
	Year = 1969}

@book{Rabin:1972,
        Author = rabin,
        Publisher = ams,
        Title = {Automata on Infinite Objects and {C}hurch's Problem},
        Year = 1972}

@inproceedings{Zermelo:1913,
	Author = zermelo,
	Booktitle = icm # {13},
	Pages = {501--504},
	Publisher = cup,
	Title = {Uber eine Anwendung der Mengenlehre auf die Theorie des Schachspiels},
	Volume = 2,
	Year = 1913}

