================================================================
Acronyms
================================================================
@string{aaai            =       {Proceedings of the AAAI Conference on Artificial Intelligence, AAAI}}
@string{acm		=	{ACM Press}}
@string{acmtds		=	{ACM Transactions on Database Systems}}
@string{acta		=	{Acta Informatica}}
@string{ajm             =       {American Journal of Mathematics}}
@string{ams		=	{American Mathematical Society}}
@string{am		=	{Annals of Mathematics}}
@string{amstat		=	{Annals of Mathematical Statistics}}
@string{amst		=	{Annals of Mathematical Studies}}
@string{ap		=	{Academic Press}}
@string{apal		=	{Annals of Pure and Applied Logic}}
@string{atva		=	{Proceedings of the International Symposium on Automated Technology for Verification and Analysis, ATVA'}}
@string{athena 	        =       {Athena Scientific}}
@string{aup		=	{Amsterdam University Press}}
@string{avmfss          =       {Proceedings of the International Workshop on Automatic Verification Methods for Finite State Systems, {AVMFSS}'}}
@string{avocs           =       {Proceedings of the International Workshop on Automated Verification of Critical Systems, AVoCS'}}

@string{berkeley	=	{University of California at Berkeley}}

@string{cacm		=	{Communications of the ACM}}
@string{cav		=	{Proceedings of the International Conference on Computer Aided Verification, CAV'}}
@string{cdc		=	{Proceedings of the IEEE Conference on Decision and Control, CDC'}}
@string{ciaa		=	{Proceedings of the International Conference on Implementation and Application of Automata, CIAA'}}
@string{cie		=	{Proceedings of the Conference on Computability in Europe, CiE'}}
@string{clmps		=	{Proceedings of the International Congress of Logic, Methodology, and Philosophy of Science, CLMPS'}}
@string{concur		=	{Proceedings of the International Conference on Concurrency Theory, CONCUR'}} 
@string{combinatorica	=	{Combinatorica}} 
@string{csl 		=	{Proceedings of the EACSL Annual Conference on Computer Science and Logic, CSL'}}
@string{csl-lics 	=	{Proceedings of the Joint Meeting of the EACSL Annual Conference on Computer Science and Logic and the Annual IEEE Symposium on Logic in Computer Science, CSL-LICS'}}
@string{cup		=	{Cambridge University Press}}
@string{computationth	=	{Computation Theory}}

@string{dagstuhl	=	{Schlo{\ss} Dagstuhl}}
@string{discrete_applied_maths	=	{Discrete Applied Mathematics}}
@string{discrete_maths	=	{Discrete Mathematics}}
@string{dsp		=	{Dagstuhl Seminar Proceedings}}
@string{duxbury		=	{Duxbury Press}}

@string{eik		=	{Elektronische Informationsverarbeitung und Kybernetik}}
@string{elsevier	=	{Elsevier}}
@string{emsoft          =       {Proceedings of the International Workshop on Embedded Software, EMSOFT'}}
@string{entcs           =       {Electronic Notes in Theoretical Computer Science}}
@string{eptcs           =       {Electronic Proceedings in Theoretical Computer Science}}
@string{esslli          =       {Lecture notes, European Summer School on Logic, Language and Information, ESSLLI'}},

@string{fm              =       {Proceedings of the World Congress on Formal Methods, {FM}'}}
@string{focs		=	{Proceedings of the Annual Symposium on Foundations of Computer Science, FoCS'}}
@string{formats		=	{Proceedings of the International Conference on Formal Modelling and Analysis of Timed Systems, FORMATS'}}
@string{fmsd            =       {Formal Methods for System Design}}
@string{fossacs		=	{Proceedings of the International Conference on the Foundations of Software Science and Computational Structures, FoSSaCS'}}
@string{fsttcs		=	{Proceedings of the International Conference on the Foundations of Software Technology and Theoretical Computer Science, FSTTCS'}}
@string{fundinf         =       {Fundamenta Informatica}}
@string{fct             =       {Fundamentals of Computation Theory}}

@string{gandalf         =       {Proceedings of the International Symposium on Games, Automata, Logics, and Formal Verification, GandALF'}}

@string{hscc		=	{Proceedings of the International Workshop on Hybrid Systems: Computation and Control, HSCC'}}

@string{ibfi		=	{Internationales Begegnungs- und Forschungszentrum fuer Informatik}}
@string{ic		=	{Information and Computation}}
@string{icalp		=	{Proceedings of the International Colloquium on Automata, Languages and Programming, ICALP'}}
@string{icm		=	{Proceedings of the International Congress of Mathematicians, ICM'}}
@string{ictac		=	{Proceedings of the International Colloquium on Theoretical Aspects of Computing, ICTAC'}}
@string{ieee		=	{IEEE Computer Society}}
@string{ifcl		=	{International Federation for Computational Logic}}
@string{ifiptcs		=	{Proceedings of the IFIP International Conference on Theoretical Computer Science, IFIP TCS'}}
@string{ijfcs		=	{International Journal of Foundations of Computer Science}}
@string{ijgt		=	{International Journal of Game Theory}}
@string{ipl		=	{Information Processing Letters}}
@string{ita		=	{Theoretical Informatics and Applications}}

@string{jacm		=	{Journal of the ACM}}
@string{jcomba          =       {Journal of Combinatorial Theory, Series A}}
@string{jcss		=	{Journal of Computer and System Sciences}}
@string{jsl		=	{Journal of Symbolic Logic}}
@string{jstor		=	{JSTOR}}

@string{labri		=	{Laboratoire Bordelais de Recherche en Informatique, CNRS UMR 5800}}
@string{lata		=	{Proceedings of the International Conference on Language and Automata Theory and Applications, LATA'}}
@string{liafa		=	{Laboratoire d'Informatique Algorithmique: Fondements et Applications, CNRS UMR 7089}}
@string{lics 		=	{Proceedings of the Annual IEEE Symposium on Logic in Computer Science, LICS'}}
@string{lipics		=	{LIPIcs}}
@string{lncs 		=	{LNCS}}
@string{lmcs		=	{Logical Methods in Computer Science}}
@string{lpar		=	{Proceedings of the International Conference on Logic for Programming, Artificial Intelligence, and Reasoning, LPAR'}}
@string{lta		=	{Logic and Theory of Automata}}
@string{lop		=	{Logic of Programs}}

@string{mathcomp	=	{Mathematics of Computation}}
@string{ms		=	{Management Science}}
@string{mfcs		=	{Proceedings of the International Symposium on Mathematical Foundations of Computer Science, MFCS'}}
@string{mit		=	{Massachusetts Institute of Technology}}
@string{mitpress	=	{MIT Press}}
@string{mor		=	{Mathematics of Operations Research}}
@string{mp		=	{Mathematical Programming}}
@string{mscs            =       {Mathematical Structures in Computer Science}}
@string{mst             =       {Mathematical Systems Theory}}

@string{orl             =       {Operation Research Letters}}

@string{paris7		=	{Universit{\'e} Denis Diderot -- Paris 7}}
@string{perso		=	{Personal communication}}
@string{petrinets       =       {Proceedings of the International Conference on Application and Theory of Petri Nets, Petri nets'}}
@string{pods		=	{Proceedings of the ACM SIGACT-SIGMOD-SIGART Symposium on Principles of Database Systems, PODS'}}
@string{popl		=	{Proceedings of the Annual ACM Symposium on Principles of Programming Languages, POPL'}}
@string{pnas		=	{Proceedings of the National Academy of Science}}
@string{prh             =       {Prentice-Hall}}
@string{pup		=	{Princeton University Press}}

@string{qest 		=	{Proceedings of the International Conference on Quantitative Evaluation of Systems, QEST'}}
@string{rp 		=	{Proceedings of the International Workshop on Reachability Problems, RP'}}

@string{scc             =       {Proceedings of the 5th {IFAC} Cconference on System Structure and Control, {SSC}'}}
@string{siam		=	{Society for Industrial and Applied Mathematics}}
@string{siamrev		=	{SIAM Review}}
@string{sicomp		=	{SIAM Journal on Computing}}
@string{sigact		=	{SIGACT News}}
@string{sjco		=	{SIAM Journal on Control and Optimization}}
@string{soda		=	{Proceedings of the Symposium on Discrete Algorithms, SODA'}}
@string{sofsem 		=	{Proceedings of the Conference on Current Trends in Theory and Practice of Computer Science, SOFSEM'}}
@string{spin		=	{Proceedings of the International SPIN Workshop on Model Checking of Software, SPIN'}}
@string{springer	=	{Springer-Verlag}}
@string{stacs 		=	{Proceedings of the International Symposium on Theoretical Aspects of Computer Science, STACS'}}
@string{stanford	=	{Stanford University}}
@string{stoc 		=	{Proceedings of the Annual ACM Symposium on Theory of Computing, STOC'}}
@string{sup		=	{Stanford University Press}}

@string{tacas		=	{Proceedings of the International Conference on Tools and Algorithms for the Construction and Analysis of Systems, TACAS'}}
@string{tai		=	{To appear in}}
@string{tams		=	{Transactions of the American Mathematical Society}}
@string{tapsoft		=	{Proceedings of the International Joint Conference on Theory and Practice of Software Development, TAPSOFT'}}
@string{tcs		=	{Theoretical Computer Science}}
@string{tcs2		=	{Theory of Computing Systems}}
@string{tlg		=	{Texts in Logic and Games}}
@string{tocl		=	{ACM Transactions on Computational Logic}}
@string{toplas		=	{ACM Transactions on Programming Languages and Systems}}
@string{vmcai		=	{Proceedings of the International Conference on Verification, Model Checking, and Abstract Interpretation, VMCAI'}}

@string{warsaw          =       {University of Warsaw}}
@string{wcc             =       {Proceedings of the 9th {IFIP} World Computer Congress, {WCC}'}}
@string{wg		=	{Proceedings of the International Workshop on Graph-Theoretic Concepts in Computer Science, WG'}}

@string{wsp 		= 	{World Scientific Publishing}}
================================================================
People
================================================================
@string{abdulla                 =       {Parosh Aziz Abdulla}}
@string{alechina                =       {Natasha Alechina}}
@string{allamigeon              =       {Allamigeon, Xavier}}
@string{almagor			=	{Shaull Almagor}}
@string{alpern			=	{Bowen Alpern}}
@string{altisen                 =       {Altisen, Karine}}
@string{alur			=	{Rajeev Alur}}
@string{aminof			=	{Benjamin Aminof}}
@string{andersson		=	{Daniel Andersson}}
@string{arnold			=	{Andr{\'e} Arnold}}
@string{asarin			=	{Eugene Asarin}}
@string{ash			=	{Robert B. Ash}}
@string{aumann			=	{Robert J. Aumann}}

@string{baier			=	{Christel Baier}}
@string{bardin			=	{S{\'e}bastien Bardin}}
@string{bareiss			=	{Erwin H. Bareiss}}
@string{barto			=	{Andrew G. Barto}}
@string{beeri                   =       {Catriel Beeri}}
@string{behrmann                =       {Behrmann, Gerd}}
@string{bellman 		=	{Richard Bellman}}
@string{bello			=	{Luciano Bello}}
@string{benchimol               =       {Benchimol, Pascal}}
@string{bengtsson               =       {Bengtsson, Johan}}
@string{berard                  =       {B{\'e}atrice B{\'e}rard}}
@string{bernet			=	{Julien Bernet}}
@string{bernstein		=	{Philip A. Bernstein}}
@string{bertacchini		=	{Maximiliano Bertacchini}}
@string{berthomieu              =       {Berthomieu, Bernard}}
@string{berthon			=	{Rapha\"el Berthon}}
@string{bertrand		=	{Nathalie Bertrand}}
@string{bertsimas		=	{Dimitris Bertsimas}}
@string{bertsekas		=	{Dimitri P. Bertsekas}}
@string{bjorklund		=	{Henrik Bj{\"o}rklund}}
@string{billingsley		=	{Patrick Billingsley}}
@string{blackwell		=	{David Blackwell}}
@string{blass			=	{Andreas Blass}}
@string{bojanczyk		=	{Miko{\l}aj Boja{\'n}czyk}}
@string{bontemps		=	{Yves Bontemps}}
@string{borel			=	{{\'E}mile Borel}}
@string{boros			=	{Endre Boros}}
@string{borys			=	{Konrad Borys}}
@string{bouajjani		=	{Ahmed Bouajjani}}
@string{bouyer			=	{Patricia Bouyer}}
@string{bozzelli                =       {Laura Bozzelli}}
@string{brassard                =       {Gilles Brassard}}
@string{brazdil                 =       {Tom{\'a}{\v{s}} Br{\'a}zdil}}
@string{brenguier		=	{Romain Brenguier}}
@string{brihaye			=	{Thomas Brihaye}}
@string{brim			=	{Lubo{\v s} Brim}}
@string{brotherston             =       {James Brotherston}}
@string{brozek                 =       {V\'{a}clav Bro\v{z}ek}}
@string{bruyere			=	{V{\'e}ronique Bruy{\`e}re}}
@string{buchi			=	{J. Richard B{\"u}chi}}
@string{buhrke			=	{Nils Buhrke}}
@string{bulling                 =       {Nils Bulling}}
@string{busatto                 =       {Damien Busatto-Gaston}}

@string{calude			=	{Cristian S. Calude}}
@string{caratheodory		=	{Constantin Carath{\'e}odory}}
@string{carayol			=	{Arnaud Carayol}}
@string{cassez                  =       {Cassez, Franck}}
@string{cerans                  =       {K{\=a}rlis {\v{C}}er{\=a}ns}}
@string{chakrabarti             =       {Arindam Chakrabarti}}
@string{chaloupka               =       {Jakub Chaloupka}}
@string{chatterjee		= 	{Krishnendu Chatterjee}}
@string{chroboczek		=	{Juliusz Chroboczek}}
@string{church			=	{Alonzo Church}}
@string{clarke			=	{Edmund M. Clarke}}
@string{clemente		=	{Lorenzo Clemente}}
@string{cohen                   =       {Edith Cohen}}
@string{colcombet		=	{Thomas Colcombet}}
@string{comin                   =       {Comin, Carlo}}
@string{condon			= 	{Anne Condon}}
@string{cormen			= 	{Thomas H. Cormen}}
@string{cougnard                =       {Cougnard, Agn{\`e}s}}
@string{courcoubetis		=	{Costas Courcoubetis}}
@string{courtois                =       {Jean-Baptiste Courtois}}
@string{crubille		= 	{Paul Crubill{\'{e}}}}
@string{cristau			= 	{Julien Cristau}}
@string{czerwinski              =       {Wojciech Czerwi{\'n}ski}}


@string{dantzig		=	{George B. Dantzig}}
@string{daskalakis		=	{Constantinos Daskalakis}}
@string{daviaud			=	{Laure Daviaud}}
@string{david			=	{Claire David}}
@string{davida			=	{Alexandre David}}
@string{dawar			=	{Anuj Dawar}}
@string{dealfaro		=	{Luca de Alfaro}}
@string{degiacomo               =       {Giuseppe De Giacomo}}
@string{delvenne		=	{Jean-Charles Delvenne}}
@string{demri                   =       {St{\'e}phane Demri}}
@string{derman			=	{Cyrus Derman}}
@string{depril			=	{Julie {d}e Pril}}
@string{dershowitz		=	{Nachum Dershowitz}}
@string{dick			=	{Philip K. Dick}}
@string{dickson                 =       {Leonard Eugene Dickson}}
@string{dill                    =       {Dill, David L.}}
@string{dinneen			=	{Michael J. Dinneen}}
@string{dixon			=	{John D. Dixon}}
@string{doleans-dade	        =	{Catherine A. Dol{\'e}ans-Dade}}
@string{dorso                   =       {Julien d'Orso}}
@string{doyen			=	{Laurent Doyen}}
@string{dsouza                  =       {D'Souza, Deepak}}
@string{durett			=	{Richard Durett}}
@string{dziembowski		=	{Stefan Dziembowski}}

@string{ehlers                  =       {Ehlers, R{\"u}diger}}
@string{elgot			=	{Calvin C. Elgot}}
@string{elbassioni		=	{Khaled Elbassioni}}
@string{ehrenfeucht		=	{Andrzej Ehrenfeucht}}
@string{emerson			=	{E. Allen Emerson}}
@string{esparza                 =       {Javier Esparza}}
@string{etessami		=	{Kousha Etessami}}
@string{everett		=	{H. Everett}}

@string{fabrikant		=	{Alex Fabrikant}}
@string{faella			=	{Marco Faella}}
@string{fahrenberg              =       {Uli Fahrenberg}}
@string{fang                    =       {Fang, Erwin}}
@string{fearnley                =       {John Fearnley}}
@string{ferguson                =       {Thomas S. Ferguson}}
@string{felli                   =       {Paolo Felli}}
@string{fijalkow		=	{Nathana{\"e}l Fijalkow}}
@string{filar                   =       {Filar, Jerzy}}
@string{filiot                  =       {Filiot, Emmanuel}}
@string{finkel			=	{Alain Finkel}}
@string{fischer			=	{Diana Fischer}}
@string{fischerp                =       {Patrick C. Fischer}}
@string{fleury                  =       {Emmanuel Fleury}}
@string{fraisse                 =       {Roland Fra{\"i}ss{\'e}}}
@string{friedmann               =       {Oliver Friedmann}}

@string{gabor	                =       {Rudolph Gabor}}
@string{gale                    =       {David Gale}}
@string{galmiche                =       {Didier Galmiche}}
@string{ganty                   =       {Pierre Ganty}}
@string{garling                 =       {David J. H. Garling}}
@string{gastin			=	{Paul Gastin}}
@string{gaubert                 =       {St{\'e}phane Gaubert}}
@string{gawlitza		=	{Thomas Martin Gawlitza}}
@string{gawrychowski		=	{Pawe{\l} Gawrychowski}}
@string{geeraerts		=	{Gilles Geeraerts}}
@string{genest			=	{Blaise Genest}}
@string{Gentilini		=	{Rafaella Gentilini}}
@string{gillette		=	{Dean Gillette}}
@string{gimbert			=	{Hugo Gimbert}}
@string{goldberg		=	{Paul Goldberg}}
@string{goldreich		=	{Oded Goldreich}}
@string{gonzaga			= 	{Clovis C. Gonzaga}}
@string{graedel			=	{Erich Gr{\"a}del}}
@string{greibach                =       {Sheila A. Greibach}}
@string{gries			=	{David Gries}}
@string{gripon			=	{Vincent Gripon}}
@string{groesser		=	{Marcus Groesser}}
@string{grumberg		=	{Orna Grumberg}}
@string{gurevich		=	{Yuri Gurevich}}
@string{gurvich			=	{Vladimir Gurvich}}

@string{habermehl               =       {Peter Habermehl}}
@string{haddadA                 =       {Axel Haddad}}
@string{haddadS                 =       {Serge Haddad}}
@string{hague			=	{Matthew Hague}}
@string{halman			=	{Nir Halman}}
@string{hansen			=	{Kristoffer Arnsfelt Hansen}}
@string{harrington		=	{Leo Harrington}}
@string{hartonas		=	{Vassili Hartonas-Garmhausen}}
@string{hautem		 	=	{Quentin Hautem}}
@string{hausdorff	 	=	{Felix Hausdorff}}
@string{henzinger		=	{Thomas A. Henzinger}}
@string{henzingerm		=	{Monika Henzinger}}
@string{hermanns		=	{Holger Hermanns}}
@string{hoffman			=	{Alan J. Hoffman}}
@string{hofman			=	{Piotr Hofman}}
@string{hollanders			=	{Romain Hollanders}}
@string{hopcroft                =       {John E. Hopcroft}}
@string{hordijk			=	{Arie Hordijk}}
@string{horn 			=	{Florian Horn}}
@string{howard			=	{Ronald A. Howard}}
@string{hunter			=	{Paul Hunter}}
@string{hutten			=	{Patrick H{\"u}tten}}

@string{ishihara		=	{Hajime Ishihara}}

@string{jain			=	{Sanjay Jain}}
@string{jancar                  =       {Petr Jan{\v{c}}ar}}
@string{janin			=	{David Janin}}
@string{jayasimha		=	{D. N. Jayasimha}}
@string{jaziri                  =       {Jaziri, Samy}}
@string{jensen			=	{Peter Gj{\o}l Jensen}}
@string{jensen.j                =       {Jensen, Jonas Finnemann}}
@string{jensen.jj               =       {Jensen, Jan J.}}
@string{jhala			=	{Ranjit Jhala}}
@string{jinmei			=	{Tatuya Jinmei}}
@string{jonsson			=	{Bengt Jonsson}}
@string{joswig                  =       {Joswig, Michael}}
@string{juhl			=	{Line Juhl}}
@string{jungers			=	{Rapha\"el M. Jungers}}
@string{jurdzinski		=	{Marcin Jurdzi{\'n}ski}}
@string{jutla			=	{Charanjit S. Jutla}}

@string{kaiser			=	{{\L}ukasz Kaiser}}
@string{kallenberg		=	{L.C.M. Kallenberg}}
@string{karmarkar		=	{Narendra Karmarkar}}
@string{kanovich                =       {Max I. Kanovich}}
@string{karp			=	{Richard M. Karp}}
@string{katoen			=	{Joost-Pieter Katoen}}
@string{khachiyan		=	{Leonid G. Khachiyan}}
@string{khoussainov		=	{Bakhadyr Khoussainov}}
@string{kiefer                  =       {Stefan Kiefer}}
@string{klarlund		=	{Nils Klarlund}}
@string{kohlberg		=	{Elon Kohlberg}}
@string{konig			=	{D{\'e}nes K{\"o}nig}}
@string{kopczynski		=	{Eryk Kopczy{\'n}ski}}
@string{kosaraju                =       {S. Rao Kosaraju}}
@string{kozen			=	{Dexter Kozen}}
@string{kruskal                 =       {Joseph B. Kruskal}}
@string{kucera                  =       {Anton{\'i}n Ku{\v{c}}era}}
@string{kuhn			=	{Harold W. Kuhn}}
@string{kumar			=	{Panganamala R. Kumar}}
@string{kupferman		=	{Orna Kupferman}}
@string{kwiatkowska		=	{Marta Z. Kwiatkowska}}

@string{lachish                 =       {Oded Lachish}}
@string{ladner			=	{Richard E. Ladner}}
@string{lambert                 =       {Jean-Luc Lambert}}
@string{landweber		=	{Lawrence H. Landweber}}
@string{larchey                 =       {Dominique Larchey-Wendling}}
@string{laroussinie             =       {Fran{\c{c}}ois Laroussinie}}
@string{larsen                  =       {Kim G. Larsen}}
@string{lasota                  =       {S{\l}awomir Lasota}}
@string{laursen                 =       {Simon Laursen}}
@string{lazic			=	{Ranko Lazi{\'c}}}
@string{legay			=	{Axel Legay}}
@string{lehtinen		=	{Kaorliina Lehtinen}}
@string{lei			=	{Chin-Laung Lei}}
@string{leiserson		= 	{Charles E. Leiserson}}
@string{lerman			=	{Benjamin Lerman}}
@string{leroux			=	{J{\'e}r{\^o}me Leroux}}
@string{lerouxs			=	{St{\'e}phane {Le Roux}}}
@string{lescow			=	{Helmut Lescow}}
@string{li			=	{Wei Li}}
@string{lifshits                =       {Lifshits, Yuri M.}}
@string{liggett			=	{Thomas M. Liggett}}
@string{lime			=	{Didier Lime}}
@string{lincoln                 =       {Patrick Lincoln}}
@string{lippman			=	{Steven A Lippman}}
@string{lipton                  =       {Richard J. Lipton}}
@string{liu                     =       {Liu, Xinxin}}
@string{loding			=	{Christof L{\"o}ding}}
@string{logan                   =       {Brian Logan}}
@string{lonvick			=	{Chris Lonvick}}
@string{ludwig			=	{Walter Ludwig}}

@string{madhusudan		=	{Parthasarathy Madhusudan}}
@string{maitra			=	{Ashok P. Maitra}}
@string{majumdar		=	{Rupak Majumdar}}
@string{maler			=	{Oded Maler}}
@string{mang			=	{Freddy Y. C. Mang}}
@string{manna			=	{Zohar Manna}}
@string{markey			=	{Nicolas Markey}}
@string{martin			=	{Donald A. Martin}}
@string{mattmuller              =       {Mattm{\"u}ller, Robert}}
@string{matousek		=	{Ji\v{r}\'i Matou\v{s}ek}}
@string{mayr                    =       {Ernst W. Mayr}}
@string{mayrr                   =       {Richard Mayr}}
@string{mazowiecki              =       {Filip Mazowiecki}}
@string{mazurkiewicz		=	{Antoni W. Mazurkiewicz}}
@string{mackenzie		=	{Allen B. MacKenzie}}
@string{mciver			=	{Annabelle McIver}}
@string{mcmillan		=	{Kenneth L. McMillan}}
@string{mcnaughton		=	{Robert McNaughton}}
@string{megiddo                 =       {Nimrod Megiddo}}
@string{menasche                =       {Menasche, Miguel}}
@string{mertens			=	{Jean-Fran{\c{c}}ois Mertens}}
@string{meyer			=	{Antoine Meyer}}
@string{meyerar                 =       {Albert R. Meyer}}
@string{micali			=	{Silvio Micali}}
@string{mikucionis              =       {Miku{\v{c}}ionis, Marius}}
@string{miltersen		=	{Peter Bro Miltersen}}
@string{mitchell                =       {John Mitchell}}
@string{minsky  		=	{Marvin L. Minsky}}
@string{mogavero		=	{Fabio Mogavero}}
@string{mohalik			=	{Swarup Mohalik}}
@string{monmege			=	{Benjamin Monmege}}
@string{morgan			=	{Carroll Morgan}}
@string{morgenstern		=	{O. Morgenstern}}
@string{moro			=	{Pierre Moro}}
@string{morvan			=	{R{\'{e}}mi Morvan}}
@string{mostowski		=	{Andrzej W. Mostowski}}
@string{muller			=	{David E. Muller}}
@string{murano			=	{Aniello Murano}}
@string{murawski		=	{Andrzej S. Murawski}}
@string{muscholl		=	{Anca Muscholl}}
@string{mycielski		=	{Jan Mycielski}}

@string{narten			=	{Thomas Narten}}
@string{nash			=	{John F. Nash}}
@string{nerode			=	{Anil Nerode}}
@string{neumann 		=	{Jakub Neumann}}
@string{neyman			=	{Abraham Neyman}}
@string{nilsson			=	{Marcus Nilsson}}
@string{niskanen                =       {Reino Niskanen}}
@string{niwinski		=	{Damian Niwinski}}
@string{norris			=	{J.R. Norris}}
@string{novotny			=	{Petr Novotn\'y}}

@string{ohlmann			=	{Pierre Ohlmann}}
@string{ong			=	{C.-H. Luke Ong}}
@string{osicka                  =       {Petr Osi\v{c}ka}}
@string{ostergaard              =       {{\O}stergaard, Lars K{\ae}rlund}}
@string{oualhadj		=	{Youssouf Oualhadj}}
@string{owicki			=	{Susan S. Owicki}}

@string{parthasarathy                 =       {T. Parthasarathy}}
@string{pansiot                 =       {Jean-Jacques Pansiot}}
@string{papadimitriou		=	{Christos H. Papadimitriou}}
@string{park			=	{Seungjoon Park}}
@string{parys			=	{Pawe{\l} Parys}}
@string{paterson		=	{Mike Paterson}}
@string{pauly	                =       {Arno Pauly}}
@string{pavlov                  =       {Pavlov, Dmitri S.}}
@string{paz			=	{Azaria Paz}}
@string{perelli			=	{Giuseppe Perelli}}
@string{perez                   =       {Guillermo A. P\'erez}}
@string{peter                   =       {Peter, Hans=J{\"o}rg}}
@string{petit                   =       {Petit, Antoine}}
@string{petri                   =       {Carl Adam Petri}}
@string{petrucci		=	{Laure Petrucci}}
@string{piterman		=	{Nir Piterman}}
@string{potapov                 =       {Igor Potapov}}
@string{pnueli			=	{Amir Pnueli}}
@string{prabhu                  =       {Prabhu, Vinayak S.}}
@string{puri			=	{Anuj Puri}}
@string{puterman		=	{Martin L. Puterman}}

@string{queille			=	{Jean-Pierre Queille}}

@string{rabin			=	{Michael O. Rabin}}
@string{rabinovich		=	{Alexander Rabinovich}}
@string{rackoff                 =       {Charles Rackoff}}
@string{ramadge			=	{Peter J. Ramadge}}
@string{randour                 =       {Mickael Randour}}
@string{raskin			=	{Jean-Fran{\c{c}}ois Raskin}}
@string{reichert                =       {Julien Reichert}}
@string{remmel			=	{Jeffrey B. Remmel}}
@string{renegar			=	{James Renegar}}
@string{reynier	                =       {Pierre-Alain Reynier}}
@string{rivest			= 	{Ronald L. Rivest}}
@string{rizzi                   =       {Rizzi, Romeo}}
@string{rosenberg               =       {Arnold L. Rosenberg}}
@string{rosenthal 		=       {Jeffrey S. Rosenthal}}
@string{rosner			=	{Roni Rosner}}
@string{roughgarden		=	{Tim Roughgarden}}
@string{rr			=	{George R.R. Martin}}
@string{rubin			=	{Sasha Rubin}}
@string{rudolf			=	{Gabor Rudolf}}
@string{rutkowski		=	{Micha{\l} Rutkowski}}
@string{ryan			=	{Mark Ryan}}

@string{samuelides              =       {Mathias Samuelides}}
@string{sandberg                =       {Sven Sandberg}}
@string{sangnier                =       {Arnaud Sangnier}}
@string{sankur       	        =       {Ocan Sankur}}
@string{sassolas                =       {Mathieu Sassolas}}
@string{savitch 		= 	{Walter J. Savitch}}
@string{sawa                    =       {Zden{\v{e}}k Sawa}}
@string{scedrov                 =       {Andre Scedrov}}
@string{schneider		=	{Fred B. Schneider}}
@string{schewe			=	{Sven Schewe}}
@string{schmitz                 =       {Sylvain Schmitz}}
@string{schnoebelen             =       {Phhilippe Schnoebelen}}
@string{schobbens		=	{Pierre-Yves Schobbens}}
@string{schuller		=	{Rebecca A. Schuller}}
@string{schwentick		=	{Thomas Schwentick}}
@string{segoufin		=	{Luc Segoufin}}
@string{seidl			=	{Helmut Seidl}}
@string{serre			=	{Olivier Serre}}
@string{shapley			=	{Lloyd S. Shapley}}
@string{shankar                 =       {Narayan Shankar}}
@string{shiau			=	{Tzong-Huei Shiau}}
@string{shomrat			=	{Amit Shomrat}}
@string{sifakis			=	{Joseph Sifakis}}
@string{sistla			=	{A. Prasad Sistla}}
@string{smolka                  =       {Smolka, Scott A.}}
@string{somla			=	{Rafal Somla}}
@string{sorensen		=	{Troels Bjerre S{\o}rensen}}
@string{sorensenm		=	{Mathias Grund S{\o}rensen}}
@string{sorin			=	{Sylvain Sorin}}
@string{sproston                =       {Jeremy Sproston}}
@string{srba                    =       {Ji{\v{r}}{\'i} Srba}}
@string{stan			=	{Daniel Stan}}
@string{staiger			=	{Ludwig Staiger}}
@string{stein			= 	{Cliffor Stein}}
@string{stephan			=	{Frank Stephan}}
@string{stewart  		=	{F.M. Stewart}}
@string{stirling		=	{Colin Stirling}}
@string{streett			=	{Robert S. Streett}}
@string{stoelinga		=	{Marielle Stoelinga}}
@string{sudderth		=	{William D. Sudderth}}
@string{sullivan                =       {Gregory Sullivan}}
@string{sutre			=	{Gr{\'e}goire Sutre}}
@string{sutton			=	{Richard S. Sutton}}
@string{szepietowski		=	{Andrzej Szepietowski}}
@string{sznadjer                =       {Nathalie Sznadjer}}

@string{taankvist               =       {Taankvist, Jakob Haar}}
@string{talwar			=	{Kunal Talwar}}
@string{taankvist		=	{Jakob Haahr Taankvist}}}
@string{tencate			=	{Balder {t}en Cate}}
@string{thiagarajan		=	{P.S. Thiagarajan}}
@string{thomas			=	{Wolfgang Thomas}}
@string{thomson			=	{Susan Thomson}}
@string{touili			=	{Tayssir Touili}}
@string{traonouez               =       {Traonouez, Louis-Marie}}
@string{tripakis                =       {Tripakis, Stavros}}
@string{tsay                    =       {Yih-Kuen Tsay}}
@string{tseng                   =       {Paul Tseng}}
@string{tsitsiklis              =       {John N. Tsitsiklis}}

@string{ummels			=	{Michael Ummels}}
@string{urquhart                =       {Alasdair Urquhart}}

@string{vardi			=	{Moshe Y. Vardi}}
@string{vanbegin                =       {Laurent Van Begin}}
@string{velner                  =       {Yaron Velner}}
@string{voge			=	{Jens V{\"o}ge}}
@string{vonneumann		=	{John {v}on Neumann}}
@string{vorobyov		=	{Sergei Vorobyov}}
@string{vrieze    		=	{Koos Vrieze}}

@string{wagner			=	{Klaus W. Wagner}}
@string{walker   		=	{David Walker}}
@string{wallmeier		=	{Nico Wallmeier}}
@string{walukiewicz		=	{Igor Walukiewicz}}
@string{wasowski                =       {W{\k a}sowski, Andrzej}}
@string{wicker			=	{Stephen B. Wicker}}
@string{wigderson		=	{Avi Wigderson}}
@string{wilke			=	{Thomas Wilke}}
@string{williams		=	{David Williams}}
@string{wojtczak		=	{Dominik Wojtczak}}
@string{wolper			=	{Pierre Wolper}}
@string{wonham			=	{W. M. Wonham}}

@string{yakhnis			=	{Alexander Yakhnis}}
@string{yang			=	{Shaofa Yang}}
@string{yannakakis		=	{Mihalis Yannakakis}}
@string{ye		        =	{Yinyu Ye}}
@string{yi                      =       {Yi, Wang}}
@string{ylonen			=	{Tatu Ylonen}}

@string{zhao			=	{Jihui Zhao}}
@string{zeitoun			=	{Marc Zeitoun}}
@string{zermelo			=	{Ernst Zermelo}}
@string{zielonka		=	{Wies{\l}aw Zielonka}}
@string{zimmermann		=	{Martin Zimmermann}}
@string{zwick			=	{Uri Zwick}}
@inproceedings{Abdulla&al:2013,
  author       = abdulla #{ and }# mayrr #{ and }# sangnier # {
                  #{ and }# } # sproston,
  title        = {Solving Parity Games on Integer Vectors}, 
  booktitle    = concur # {13},
  OPTeditor       = {Pedro R. D'Argenio and Hern\'an Melgratti},
  location     = {Buenos Aires, Argentina},
  series       = lncs,
  volume       = 8052,
  pages        = {106--120},
  year         = 2013,
  doi          = {10.1007/978-3-642-40184-8_9},
  arxiv        = {1306.2806},
  publisher    = springer,
}

@inproceedings{Alechina&al:2016,
  location     = {Aalborg, Denmark},
  author       = alechina #{ and }# bulling #{ and }# demri #{ and }# logan,
  chap         = {11},
  booktitle    = rp # {16},
  doi          = {10.1007/978-3-319-45994-3_3},
  OPTeditor    = {Larsen, Kim G. and Srba, Ji{\v{r}}{\'\i}},
  pages        = {36--50},
  publisher    = springer,
  series       = lncs,
  title        = {On the Complexity of Resource-Bounded Logics},
  volume       = 9899,
  year         = 2016,
}

@article{Alechina&al:2018,
  author       = alechina #{ and }# bulling #{ and }# demri #{ and }# logan,
  chap         = {11},
  title        = {On the complexity of resource-bounded logics},
  journal      = tcs,
  volume       = 750,
  year         = 2018,
  pages        = {69--100},
  doi          = {10.1016/j.tcs.2018.01.019},
}

@inproceedings{Brazdil&Jancar&Kucera:2010,
  author       = brazdil #{ and }# jancar #{ and }# kucera,
  chap         = {11},
  title        = {Reachability Games on Extended Vector Addition
                  Systems with States},
  booktitle    = icalp # {10},
  OPTeditor       = {Abramsky, Samson #{ and }# Gavoille, Cyril #{ and }# Kirchner,
                  Claude #{ and }# Meyer auf der Heide, Friedhelm and
                  Spirakis, Paul G.},
  series       = lncs,
  volume       = 6199,
  pages        = {478--489},
  year         = 2010,
  doi          = {10.1007/978-3-642-14162-1_40},
  publisher    = springer,
}

@article{Chatterjee&Randour&Raskin:2014,
  author       = chatterjee #{ and }# randour #{ and }# raskin,
  chap         = {11},
  title        = {Strategy Synthesis for Multi-Dimensional
                  Quantitative Objectives},
  journal      = acta,
  year         = 2014,
  volume       = 51,
  number       = {3--4}, 
  pages        = {129--163},
  doi          = {10.1007/s00236-013-0182-6},
}

@article{Chaloupka:2013,
  title        = {{Z}-reachability Problem for Games on 2-dimensional
                  Vector Addition Systems with States is in {\P}},
  author       = chaloupka,
  chap         = {11},
  journal      = fundinf,
  volume       = 123, 
  number       = 1,
  year         = 2013,
  pages        = {15--42},
  doi          = {10.3233/FI-2013-798},
}

@inproceedings{Colcombet&Jurdzinski&Lazic&Schmitz:2017,
  author       = colcombet #{ and }# jurdzinski #{ and }# lazic #{ and }# schmitz,
  chap         = {11},
  title        = {Perfect Half-Space Games},
  booktitle    = lics # {17},
  year         = 2017,
  publisher    = ieee,
  doi          = {10.1109/LICS.2017.8005105},
}

@inproceedings{Courtois&Schmitz:2014,
  author    = courtois #{ and }# schmitz,
  chap      = {11},
  title     = {Alternating Vector Addition Systems with States},
  booktitle = mfcs # {14},
  location  = {Budapest, Hungary},
  year      = 2014,
  pages     = {220--231},
  doi       = {10.1007/978-3-662-44522-8_19},
  OPTeditor    = {Erzs{\'{e}}bet Csuhaj{-}Varj{\'{u}} and
               Martin Dietzfelbinger and
               Zolt{\'{a}}n {\'{E}}sik},
  series    = lncs,
  volume    = 8634,
  publisher = springer,
}

@inproceedings{Esparza:1996,
  author       = esparza,
  chap         = {11},
  title        = {Decidability and complexity of {P}etri net problems ---
                  an introduction},
  booktitle    = {Lectures on Petri Nets {I:} Basic Models},
  pages        = {374--428},
  year         = 1998,
  doi          = {10.1007/3-540-65306-6_20},
  OPTeditor       = {Wolfgang Reisig and Grzegorz Rozenberg},
  series       = lncs,
  volume       = 1491,
  publisher    = springer,
}

@InProceedings{Hunter:2015,
        author = hunter,
        chap   = {11},
        title  = {Reachability in Succinct One-Counter Games},
        booktitle= rp # {15},
        year   = 2015,
        publisher= springer,
        pages  = {37--49},
        isbn   = {978-3-319-24537-9},
        doi    = {10.1007/978-3-319-24537-9_5},
        volume = 9328,
        series = lncs,
}

@article{Greibach:1978,
  author       = greibach,
  chap         = {11},
  title        = {Remarks on blind and partially blind one-way
                  multicounter machines},
  journal      = tcs,
  volume       = 7,
  number       = 3,
  pages        = {311--324},
  year         = 1978,
  doi          = {10.1016/0304-3975(78)90020-8},
}

@article{Hopcroft&Pansiot:1979,
  author       = hopcroft #{ and }# pansiot,
  chap         = {11},
  title        = {On the reachability problem for 5-dimensional vector
                  addition systems},
  journal      = tcs,
  volume       = 8,
  year         = 1979,
  pages        = {135--159},
  doi          = {10.1016/0304-3975(79)90041-0},
}

@InProceedings{Jancar&Osicka&Sawa:2018,
        author = jancar #{ and }# osicka #{ and }# sawa,
        chap   = {11},
        title  = {{\EXPSPACE}-complete Variant of Countdown Games, and
                  Simulation on Succinct One-Counter Nets},
        booktitle= rp # {18},
        year   = 2018,
        publisher= springer,
        pages  = {59--74},
        doi    = {10.1007/978-3-030-00250-3_5},
        volume = 11123,
        series = lncs,
}

@inproceedings{Jancar:2015,
  author    = jancar,
  chap      = {11},
  title     = {On Reachability-Related Games on Vector Addition
                  Systems with States},
  booktitle = rp # {15},
  pages     = {50--62},
  year      = {2015},
  doi       = {10.1007/978-3-319-24537-9_6},
  publisher = springer,
  OPTeditor    = {Mikolaj Bojanczyk and
               Slawomir Lasota and
               Igor Potapov},
  series    = lncs,
  volume    = 9328,
}

@inproceedings{Jurdzinski&Lazic&Schmitz:2015,
  author    = jurdzinski #{ and }# lazic #{ and }# schmitz,
  chap      = {11},
  title     = {Fixed-Dimensional Energy Games are in Pseudo-Polynomial Time},
  booktitle = icalp # {15},
  pages     = {260--272},
  year      = {2015},
  doi       = {10.1007/978-3-662-47666-6_21},
  OPTeditor = {Magn{\'{u}}s M. Halld{\'{o}}rsson and
               Kazuo Iwama and
               Naoki Kobayashi and
               Bettina Speckmann},
  series    = lncs,
  volume    = 9135,
  publisher = springer,
}

@article{Jurdzinski&Laroussinie&Sproston:2008,
  title        = {Model Checking Probabilistic Timed Automata with One
                  or Two Clocks},
  author       = jurdzinski #{ and }# laroussinie #{ and }# sproston,
  chap         = {11},
  journal      = lmcs,
  volume       = 4,
  number       = 3,
  articleno    = 12,
  numpages     = 38,
  pages        = {12:1--12:38},
  year         = 2008,
  doi          = {10.2168/LMCS-4(3:12)2008},
}

@article{Kanovich:1995,
  author       = kanovich,
  chap         = {11},
  title        = {{P}etri nets, {H}orn programs, Linear Logic and
                  vector games},
  journal      = apal,
  volume       = 75,
  number       = {1--2},
  pages        = {107--135},
  year         = 1995,
  doi          = {10.1016/0168-0072(94)00060-G},
}

@inProceedings{Kosaraju:1982,
  author       = kosaraju,
  chap         = {11},
  title        = {Decidability of reachability in vector addition systems},
  booktitle    = stoc # {82},
  year         = 1982,
  pages        = {267--281},
  location     = {San Francisco, California, USA},
  doi          = {10.1145/800070.802201},
  publisher    = acm,
}

@Article{Lambert:1992,
  author       = lambert,
  chap         = {11},
  title        = {A structure to decide reachability in {P}etri nets},
  journal      = tcs,
  volume       = 99,
  number       = 1,
  year         = 1992,
  pages        = {79--104},
  doi          = {10.1016/0304-3975(92)90173-D},
}

@InProceedings{Leroux:2011,
  author       = leroux,
  chap         = {11},
  title        = {Vector addition system reachability problem: a short
                  self-contained proof},
  booktitle    = popl # {11},
  year         = 2011,
  location     = {Austin, TX, USA},
  pages        = {307--316},
  doi          = {10.1145/1926385.1926421},
  publisher    = acm,
}


@techReport{Lipton:1976,
  author       = lipton,
  chap         = {11},
  title        = {The reachability problem requires exponential space},
  institution  = {Yale University},
  number       = 62,
  year         = 1976,
}

@inProceedings{Mayr:1981,
  author       = mayr,
  chap         = {11},
  title        = {An algorithm for the general {P}etri net
                  reachability problem},
  booktitle    = stoc # {81},
  year         = 1981,
  pages        = {238--246},
  location     = {Milwaukee, Wisconsin, USA},
  doi          = {10.1145/800076.802477},
  publisher    = acm,
}

@book{Minsky:1967,
        author = minsky,
        chap   = {11},
        title  = {Computation: finite and infinite machines},
        year   = 1967,
        publisher= prh,
}

@inproceedings{Niskanen&Potapov&Reichert:2016,
  title        = {Undecidability of Two-dimensional Robot Games},
  author       = niskanen #{ and }# potapov #{ and }# reichert,  
  booktitle    = mfcs # {16},
  pages =	{73:1--73:13},
  series =	lipics,
  year =	{2016},
  volume =	{58},
  OPTeditor =	{Piotr Faliszewski and Anca Muscholl and Rolf Niedermeier},
  publisher =	dagstuhl,
  doi =		{10.4230/LIPIcs.MFCS.2016.73},
  }

@phdthesis{Petri:1962,
  author       = petri,
  chap         = {11},
  title        = {Kommunikation mit Automaten},
  school       = {Universit\"at Bonn},
  year         = 1962,
  urn          = {urn:nbn:de:gbv:18-228-7-1602},
  url          = {http://edoc.sub.uni-hamburg.de/informatik/volltexte/2011/160/},
}

@article{Rackoff:1978,
  author       = rackoff,
  chap         = {11},
  title        = {The covering and boundedness problems for vector
                  addition systems},
  journal      = tcs,
  volume       = 6,
  number       = 2,
  year         = 1978,
  pages        = {223--231},
  doi          = {10.1016/0304-3975(78)90036-1},
}

@inproceedings{Raskin&Samuelides&VanBegin:2005,
  author       = raskin #{ and }# samuelides #{ and }# vanbegin,
  chap         = {11},
  title        = {Games for Counting Abstractions},
  booktitle    = avocs # {04},
  series       = entcs,
  volume       = 128,
  year         = 2005,
  pages        = {69--85},
  doi          = {10.1016/j.entcs.2005.04.005},
  publisher    = elsevier,
}

@article{Velner&al:2015,
  author       = velner #{ and }# chatterjee #{ and }# doyen # {
                and  } # henzinger #{ and }# rabinovich #{ and }#
                  raskin,
  title        = {The complexity of multi-mean-payoff and multi-energy
                  games},
  journal      = ic,
  volume       = 241,
  pages        = {177--196},
  year         = 2015,
  doi          = {10.1016/j.ic.2015.03.001},
}

