================================================================
Acronyms
================================================================
@string{aaai            =       {Proceedings of the AAAI Conference on Artificial Intelligence, AAAI}}
@string{acm		=	{ACM Press}}
@string{acmtds		=	{ACM Transactions on Database Systems}}
@string{acta		=	{Acta Informatica}}
@string{ajm             =       {American Journal of Mathematics}}
@string{ams		=	{American Mathematical Society}}
@string{am		=	{Annals of Mathematics}}
@string{amstat		=	{Annals of Mathematical Statistics}}
@string{amst		=	{Annals of Mathematical Studies}}
@string{ap		=	{Academic Press}}
@string{apal		=	{Annals of Pure and Applied Logic}}
@string{atva		=	{Proceedings of the International Symposium on Automated Technology for Verification and Analysis, ATVA'}}
@string{athena 	        =       {Athena Scientific}}
@string{aup		=	{Amsterdam University Press}}
@string{avmfss          =       {Proceedings of the International Workshop on Automatic Verification Methods for Finite State Systems, {AVMFSS}'}}
@string{avocs           =       {Proceedings of the International Workshop on Automated Verification of Critical Systems, AVoCS'}}

@string{berkeley	=	{University of California at Berkeley}}

@string{cacm		=	{Communications of the ACM}}
@string{cav		=	{Proceedings of the International Conference on Computer Aided Verification, CAV'}}
@string{cdc		=	{Proceedings of the IEEE Conference on Decision and Control, CDC'}}
@string{ciaa		=	{Proceedings of the International Conference on Implementation and Application of Automata, CIAA'}}
@string{cie		=	{Proceedings of the Conference on Computability in Europe, CiE'}}
@string{clmps		=	{Proceedings of the International Congress of Logic, Methodology, and Philosophy of Science, CLMPS'}}
@string{concur		=	{Proceedings of the International Conference on Concurrency Theory, CONCUR'}} 
@string{combinatorica	=	{Combinatorica}} 
@string{csl 		=	{Proceedings of the EACSL Annual Conference on Computer Science and Logic, CSL'}}
@string{csl-lics 	=	{Proceedings of the Joint Meeting of the EACSL Annual Conference on Computer Science and Logic and the Annual IEEE Symposium on Logic in Computer Science, CSL-LICS'}}
@string{cup		=	{Cambridge University Press}}
@string{computationth	=	{Computation Theory}}

@string{dagstuhl	=	{Schlo{\ss} Dagstuhl}}
@string{discrete_applied_maths	=	{Discrete Applied Mathematics}}
@string{discrete_maths	=	{Discrete Mathematics}}
@string{dsp		=	{Dagstuhl Seminar Proceedings}}
@string{duxbury		=	{Duxbury Press}}

@string{eik		=	{Elektronische Informationsverarbeitung und Kybernetik}}
@string{elsevier	=	{Elsevier}}
@string{emsoft          =       {Proceedings of the International Workshop on Embedded Software, EMSOFT'}}
@string{entcs           =       {Electronic Notes in Theoretical Computer Science}}
@string{eptcs           =       {Electronic Proceedings in Theoretical Computer Science}}
@string{esslli          =       {Lecture notes, European Summer School on Logic, Language and Information, ESSLLI'}},

@string{fm              =       {Proceedings of the World Congress on Formal Methods, {FM}'}}
@string{focs		=	{Proceedings of the Annual Symposium on Foundations of Computer Science, FoCS'}}
@string{formats		=	{Proceedings of the International Conference on Formal Modelling and Analysis of Timed Systems, FORMATS'}}
@string{fmsd            =       {Formal Methods for System Design}}
@string{fossacs		=	{Proceedings of the International Conference on the Foundations of Software Science and Computational Structures, FoSSaCS'}}
@string{fsttcs		=	{Proceedings of the International Conference on the Foundations of Software Technology and Theoretical Computer Science, FSTTCS'}}
@string{fundinf         =       {Fundamenta Informatica}}
@string{fct             =       {Fundamentals of Computation Theory}}

@string{gandalf         =       {Proceedings of the International Symposium on Games, Automata, Logics, and Formal Verification, GandALF'}}

@string{hscc		=	{Proceedings of the International Workshop on Hybrid Systems: Computation and Control, HSCC'}}

@string{ibfi		=	{Internationales Begegnungs- und Forschungszentrum fuer Informatik}}
@string{ic		=	{Information and Computation}}
@string{icalp		=	{Proceedings of the International Colloquium on Automata, Languages and Programming, ICALP'}}
@string{icm		=	{Proceedings of the International Congress of Mathematicians, ICM'}}
@string{ictac		=	{Proceedings of the International Colloquium on Theoretical Aspects of Computing, ICTAC'}}
@string{ieee		=	{IEEE Computer Society}}
@string{ifcl		=	{International Federation for Computational Logic}}
@string{ifiptcs		=	{Proceedings of the IFIP International Conference on Theoretical Computer Science, IFIP TCS'}}
@string{ijfcs		=	{International Journal of Foundations of Computer Science}}
@string{ijgt		=	{International Journal of Game Theory}}
@string{ipl		=	{Information Processing Letters}}
@string{ita		=	{Theoretical Informatics and Applications}}

@string{jacm		=	{Journal of the ACM}}
@string{jcomba          =       {Journal of Combinatorial Theory, Series A}}
@string{jcss		=	{Journal of Computer and System Sciences}}
@string{jsl		=	{Journal of Symbolic Logic}}
@string{jstor		=	{JSTOR}}

@string{labri		=	{Laboratoire Bordelais de Recherche en Informatique, CNRS UMR 5800}}
@string{lata		=	{Proceedings of the International Conference on Language and Automata Theory and Applications, LATA'}}
@string{liafa		=	{Laboratoire d'Informatique Algorithmique: Fondements et Applications, CNRS UMR 7089}}
@string{lics 		=	{Proceedings of the Annual IEEE Symposium on Logic in Computer Science, LICS'}}
@string{lipics		=	{LIPIcs}}
@string{lncs 		=	{LNCS}}
@string{lmcs		=	{Logical Methods in Computer Science}}
@string{lpar		=	{Proceedings of the International Conference on Logic for Programming, Artificial Intelligence, and Reasoning, LPAR'}}
@string{lta		=	{Logic and Theory of Automata}}
@string{lop		=	{Logic of Programs}}

@string{mathcomp	=	{Mathematics of Computation}}
@string{ms		=	{Management Science}}
@string{mfcs		=	{Proceedings of the International Symposium on Mathematical Foundations of Computer Science, MFCS'}}
@string{mit		=	{Massachusetts Institute of Technology}}
@string{mitpress	=	{MIT Press}}
@string{mor		=	{Mathematics of Operations Research}}
@string{mp		=	{Mathematical Programming}}
@string{mscs            =       {Mathematical Structures in Computer Science}}
@string{mst             =       {Mathematical Systems Theory}}

@string{orl             =       {Operation Research Letters}}

@string{paris7		=	{Universit{\'e} Denis Diderot -- Paris 7}}
@string{perso		=	{Personal communication}}
@string{petrinets       =       {Proceedings of the International Conference on Application and Theory of Petri Nets, Petri nets'}}
@string{pods		=	{Proceedings of the ACM SIGACT-SIGMOD-SIGART Symposium on Principles of Database Systems, PODS'}}
@string{popl		=	{Proceedings of the Annual ACM Symposium on Principles of Programming Languages, POPL'}}
@string{pnas		=	{Proceedings of the National Academy of Science}}
@string{prh             =       {Prentice-Hall}}
@string{pup		=	{Princeton University Press}}

@string{qest 		=	{Proceedings of the International Conference on Quantitative Evaluation of Systems, QEST'}}
@string{rp 		=	{Proceedings of the International Workshop on Reachability Problems, RP'}}

@string{scc             =       {Proceedings of the 5th {IFAC} Cconference on System Structure and Control, {SSC}'}}
@string{siam		=	{Society for Industrial and Applied Mathematics}}
@string{siamrev		=	{SIAM Review}}
@string{sicomp		=	{SIAM Journal on Computing}}
@string{sigact		=	{SIGACT News}}
@string{sjco		=	{SIAM Journal on Control and Optimization}}
@string{soda		=	{Proceedings of the Symposium on Discrete Algorithms, SODA'}}
@string{sofsem 		=	{Proceedings of the Conference on Current Trends in Theory and Practice of Computer Science, SOFSEM'}}
@string{spin		=	{Proceedings of the International SPIN Workshop on Model Checking of Software, SPIN'}}
@string{springer	=	{Springer-Verlag}}
@string{stacs 		=	{Proceedings of the International Symposium on Theoretical Aspects of Computer Science, STACS'}}
@string{stanford	=	{Stanford University}}
@string{stoc 		=	{Proceedings of the Annual ACM Symposium on Theory of Computing, STOC'}}
@string{sup		=	{Stanford University Press}}

@string{tacas		=	{Proceedings of the International Conference on Tools and Algorithms for the Construction and Analysis of Systems, TACAS'}}
@string{tai		=	{To appear in}}
@string{tams		=	{Transactions of the American Mathematical Society}}
@string{tapsoft		=	{Proceedings of the International Joint Conference on Theory and Practice of Software Development, TAPSOFT'}}
@string{tcs		=	{Theoretical Computer Science}}
@string{tcs2		=	{Theory of Computing Systems}}
@string{tlg		=	{Texts in Logic and Games}}
@string{tocl		=	{ACM Transactions on Computational Logic}}
@string{toplas		=	{ACM Transactions on Programming Languages and Systems}}
@string{vmcai		=	{Proceedings of the International Conference on Verification, Model Checking, and Abstract Interpretation, VMCAI'}}

@string{warsaw          =       {University of Warsaw}}
@string{wcc             =       {Proceedings of the 9th {IFIP} World Computer Congress, {WCC}'}}
@string{wg		=	{Proceedings of the International Workshop on Graph-Theoretic Concepts in Computer Science, WG'}}

@string{wsp 		= 	{World Scientific Publishing}}
================================================================
People
================================================================
@string{abdulla                 =       {Parosh Aziz Abdulla}}
@string{alechina                =       {Natasha Alechina}}
@string{allamigeon              =       {Allamigeon, Xavier}}
@string{almagor			=	{Shaull Almagor}}
@string{alpern			=	{Bowen Alpern}}
@string{altisen                 =       {Altisen, Karine}}
@string{alur			=	{Rajeev Alur}}
@string{aminof			=	{Benjamin Aminof}}
@string{andersson		=	{Daniel Andersson}}
@string{arnold			=	{Andr{\'e} Arnold}}
@string{asarin			=	{Eugene Asarin}}
@string{ash			=	{Robert B. Ash}}
@string{aumann			=	{Robert J. Aumann}}

@string{baier			=	{Christel Baier}}
@string{bardin			=	{S{\'e}bastien Bardin}}
@string{bareiss			=	{Erwin H. Bareiss}}
@string{barto			=	{Andrew G. Barto}}
@string{beeri                   =       {Catriel Beeri}}
@string{behrmann                =       {Behrmann, Gerd}}
@string{bellman 		=	{Richard Bellman}}
@string{bello			=	{Luciano Bello}}
@string{benchimol               =       {Benchimol, Pascal}}
@string{bengtsson               =       {Bengtsson, Johan}}
@string{berard                  =       {B{\'e}atrice B{\'e}rard}}
@string{bernet			=	{Julien Bernet}}
@string{bernstein		=	{Philip A. Bernstein}}
@string{bertacchini		=	{Maximiliano Bertacchini}}
@string{berthomieu              =       {Berthomieu, Bernard}}
@string{berthon			=	{Rapha\"el Berthon}}
@string{bertrand		=	{Nathalie Bertrand}}
@string{bertsimas		=	{Dimitris Bertsimas}}
@string{bertsekas		=	{Dimitri P. Bertsekas}}
@string{bjorklund		=	{Henrik Bj{\"o}rklund}}
@string{billingsley		=	{Patrick Billingsley}}
@string{blackwell		=	{David Blackwell}}
@string{blass			=	{Andreas Blass}}
@string{bojanczyk		=	{Miko{\l}aj Boja{\'n}czyk}}
@string{bontemps		=	{Yves Bontemps}}
@string{borel			=	{{\'E}mile Borel}}
@string{boros			=	{Endre Boros}}
@string{borys			=	{Konrad Borys}}
@string{bouajjani		=	{Ahmed Bouajjani}}
@string{bouyer			=	{Patricia Bouyer}}
@string{bozzelli                =       {Laura Bozzelli}}
@string{brassard                =       {Gilles Brassard}}
@string{brazdil                 =       {Tom{\'a}{\v{s}} Br{\'a}zdil}}
@string{brenguier		=	{Romain Brenguier}}
@string{brihaye			=	{Thomas Brihaye}}
@string{brim			=	{Lubo{\v s} Brim}}
@string{brotherston             =       {James Brotherston}}
@string{brozek                 =       {V\'{a}clav Bro\v{z}ek}}
@string{bruyere			=	{V{\'e}ronique Bruy{\`e}re}}
@string{buchi			=	{J. Richard B{\"u}chi}}
@string{buhrke			=	{Nils Buhrke}}
@string{bulling                 =       {Nils Bulling}}
@string{busatto                 =       {Damien Busatto-Gaston}}

@string{calude			=	{Cristian S. Calude}}
@string{caratheodory		=	{Constantin Carath{\'e}odory}}
@string{carayol			=	{Arnaud Carayol}}
@string{cassez                  =       {Cassez, Franck}}
@string{cerans                  =       {K{\=a}rlis {\v{C}}er{\=a}ns}}
@string{chakrabarti             =       {Arindam Chakrabarti}}
@string{chaloupka               =       {Jakub Chaloupka}}
@string{chatterjee		= 	{Krishnendu Chatterjee}}
@string{chroboczek		=	{Juliusz Chroboczek}}
@string{church			=	{Alonzo Church}}
@string{clarke			=	{Edmund M. Clarke}}
@string{clemente		=	{Lorenzo Clemente}}
@string{cohen                   =       {Edith Cohen}}
@string{colcombet		=	{Thomas Colcombet}}
@string{comin                   =       {Comin, Carlo}}
@string{condon			= 	{Anne Condon}}
@string{cormen			= 	{Thomas H. Cormen}}
@string{cougnard                =       {Cougnard, Agn{\`e}s}}
@string{courcoubetis		=	{Costas Courcoubetis}}
@string{courtois                =       {Jean-Baptiste Courtois}}
@string{crubille		= 	{Paul Crubill{\'{e}}}}
@string{cristau			= 	{Julien Cristau}}
@string{czerwinski              =       {Wojciech Czerwi{\'n}ski}}


@string{dantzig		=	{George B. Dantzig}}
@string{daskalakis		=	{Constantinos Daskalakis}}
@string{daviaud			=	{Laure Daviaud}}
@string{david			=	{Claire David}}
@string{davida			=	{Alexandre David}}
@string{dawar			=	{Anuj Dawar}}
@string{dealfaro		=	{Luca de Alfaro}}
@string{degiacomo               =       {Giuseppe De Giacomo}}
@string{delvenne		=	{Jean-Charles Delvenne}}
@string{demri                   =       {St{\'e}phane Demri}}
@string{derman			=	{Cyrus Derman}}
@string{depril			=	{Julie {d}e Pril}}
@string{dershowitz		=	{Nachum Dershowitz}}
@string{dick			=	{Philip K. Dick}}
@string{dickson                 =       {Leonard Eugene Dickson}}
@string{dill                    =       {Dill, David L.}}
@string{dinneen			=	{Michael J. Dinneen}}
@string{dixon			=	{John D. Dixon}}
@string{doleans-dade	        =	{Catherine A. Dol{\'e}ans-Dade}}
@string{dorso                   =       {Julien d'Orso}}
@string{doyen			=	{Laurent Doyen}}
@string{dsouza                  =       {D'Souza, Deepak}}
@string{durett			=	{Richard Durett}}
@string{dziembowski		=	{Stefan Dziembowski}}

@string{ehlers                  =       {Ehlers, R{\"u}diger}}
@string{elgot			=	{Calvin C. Elgot}}
@string{elbassioni		=	{Khaled Elbassioni}}
@string{ehrenfeucht		=	{Andrzej Ehrenfeucht}}
@string{emerson			=	{E. Allen Emerson}}
@string{esparza                 =       {Javier Esparza}}
@string{etessami		=	{Kousha Etessami}}
@string{everett		=	{H. Everett}}

@string{fabrikant		=	{Alex Fabrikant}}
@string{faella			=	{Marco Faella}}
@string{fahrenberg              =       {Uli Fahrenberg}}
@string{fang                    =       {Fang, Erwin}}
@string{fearnley                =       {John Fearnley}}
@string{ferguson                =       {Thomas S. Ferguson}}
@string{felli                   =       {Paolo Felli}}
@string{fijalkow		=	{Nathana{\"e}l Fijalkow}}
@string{filar                   =       {Filar, Jerzy}}
@string{filiot                  =       {Filiot, Emmanuel}}
@string{finkel			=	{Alain Finkel}}
@string{fischer			=	{Diana Fischer}}
@string{fischerp                =       {Patrick C. Fischer}}
@string{fleury                  =       {Emmanuel Fleury}}
@string{fraisse                 =       {Roland Fra{\"i}ss{\'e}}}
@string{friedmann               =       {Oliver Friedmann}}

@string{gabor	                =       {Rudolph Gabor}}
@string{gale                    =       {David Gale}}
@string{galmiche                =       {Didier Galmiche}}
@string{ganty                   =       {Pierre Ganty}}
@string{garling                 =       {David J. H. Garling}}
@string{gastin			=	{Paul Gastin}}
@string{gaubert                 =       {St{\'e}phane Gaubert}}
@string{gawlitza		=	{Thomas Martin Gawlitza}}
@string{gawrychowski		=	{Pawe{\l} Gawrychowski}}
@string{geeraerts		=	{Gilles Geeraerts}}
@string{genest			=	{Blaise Genest}}
@string{Gentilini		=	{Rafaella Gentilini}}
@string{gillette		=	{Dean Gillette}}
@string{gimbert			=	{Hugo Gimbert}}
@string{goldberg		=	{Paul Goldberg}}
@string{goldreich		=	{Oded Goldreich}}
@string{gonzaga			= 	{Clovis C. Gonzaga}}
@string{graedel			=	{Erich Gr{\"a}del}}
@string{greibach                =       {Sheila A. Greibach}}
@string{gries			=	{David Gries}}
@string{gripon			=	{Vincent Gripon}}
@string{groesser		=	{Marcus Groesser}}
@string{grumberg		=	{Orna Grumberg}}
@string{gurevich		=	{Yuri Gurevich}}
@string{gurvich			=	{Vladimir Gurvich}}

@string{habermehl               =       {Peter Habermehl}}
@string{haddadA                 =       {Axel Haddad}}
@string{haddadS                 =       {Serge Haddad}}
@string{hague			=	{Matthew Hague}}
@string{halman			=	{Nir Halman}}
@string{hansen			=	{Kristoffer Arnsfelt Hansen}}
@string{harrington		=	{Leo Harrington}}
@string{hartonas		=	{Vassili Hartonas-Garmhausen}}
@string{hautem		 	=	{Quentin Hautem}}
@string{hausdorff	 	=	{Felix Hausdorff}}
@string{henzinger		=	{Thomas A. Henzinger}}
@string{henzingerm		=	{Monika Henzinger}}
@string{hermanns		=	{Holger Hermanns}}
@string{hoffman			=	{Alan J. Hoffman}}
@string{hofman			=	{Piotr Hofman}}
@string{hollanders			=	{Romain Hollanders}}
@string{hopcroft                =       {John E. Hopcroft}}
@string{hordijk			=	{Arie Hordijk}}
@string{horn 			=	{Florian Horn}}
@string{howard			=	{Ronald A. Howard}}
@string{hunter			=	{Paul Hunter}}
@string{hutten			=	{Patrick H{\"u}tten}}

@string{ishihara		=	{Hajime Ishihara}}

@string{jain			=	{Sanjay Jain}}
@string{jancar                  =       {Petr Jan{\v{c}}ar}}
@string{janin			=	{David Janin}}
@string{jayasimha		=	{D. N. Jayasimha}}
@string{jaziri                  =       {Jaziri, Samy}}
@string{jensen			=	{Peter Gj{\o}l Jensen}}
@string{jensen.j                =       {Jensen, Jonas Finnemann}}
@string{jensen.jj               =       {Jensen, Jan J.}}
@string{jhala			=	{Ranjit Jhala}}
@string{jinmei			=	{Tatuya Jinmei}}
@string{jonsson			=	{Bengt Jonsson}}
@string{joswig                  =       {Joswig, Michael}}
@string{juhl			=	{Line Juhl}}
@string{jungers			=	{Rapha\"el M. Jungers}}
@string{jurdzinski		=	{Marcin Jurdzi{\'n}ski}}
@string{jutla			=	{Charanjit S. Jutla}}

@string{kaiser			=	{{\L}ukasz Kaiser}}
@string{kallenberg		=	{L.C.M. Kallenberg}}
@string{karmarkar		=	{Narendra Karmarkar}}
@string{kanovich                =       {Max I. Kanovich}}
@string{karp			=	{Richard M. Karp}}
@string{katoen			=	{Joost-Pieter Katoen}}
@string{khachiyan		=	{Leonid G. Khachiyan}}
@string{khoussainov		=	{Bakhadyr Khoussainov}}
@string{kiefer                  =       {Stefan Kiefer}}
@string{klarlund		=	{Nils Klarlund}}
@string{kohlberg		=	{Elon Kohlberg}}
@string{konig			=	{D{\'e}nes K{\"o}nig}}
@string{kopczynski		=	{Eryk Kopczy{\'n}ski}}
@string{kosaraju                =       {S. Rao Kosaraju}}
@string{kozen			=	{Dexter Kozen}}
@string{kruskal                 =       {Joseph B. Kruskal}}
@string{kucera                  =       {Anton{\'i}n Ku{\v{c}}era}}
@string{kuhn			=	{Harold W. Kuhn}}
@string{kumar			=	{Panganamala R. Kumar}}
@string{kupferman		=	{Orna Kupferman}}
@string{kwiatkowska		=	{Marta Z. Kwiatkowska}}

@string{lachish                 =       {Oded Lachish}}
@string{ladner			=	{Richard E. Ladner}}
@string{lambert                 =       {Jean-Luc Lambert}}
@string{landweber		=	{Lawrence H. Landweber}}
@string{larchey                 =       {Dominique Larchey-Wendling}}
@string{laroussinie             =       {Fran{\c{c}}ois Laroussinie}}
@string{larsen                  =       {Kim G. Larsen}}
@string{lasota                  =       {S{\l}awomir Lasota}}
@string{laursen                 =       {Simon Laursen}}
@string{lazic			=	{Ranko Lazi{\'c}}}
@string{legay			=	{Axel Legay}}
@string{lehtinen		=	{Kaorliina Lehtinen}}
@string{lei			=	{Chin-Laung Lei}}
@string{leiserson		= 	{Charles E. Leiserson}}
@string{lerman			=	{Benjamin Lerman}}
@string{leroux			=	{J{\'e}r{\^o}me Leroux}}
@string{lerouxs			=	{St{\'e}phane {Le Roux}}}
@string{lescow			=	{Helmut Lescow}}
@string{li			=	{Wei Li}}
@string{lifshits                =       {Lifshits, Yuri M.}}
@string{liggett			=	{Thomas M. Liggett}}
@string{lime			=	{Didier Lime}}
@string{lincoln                 =       {Patrick Lincoln}}
@string{lippman			=	{Steven A Lippman}}
@string{lipton                  =       {Richard J. Lipton}}
@string{liu                     =       {Liu, Xinxin}}
@string{loding			=	{Christof L{\"o}ding}}
@string{logan                   =       {Brian Logan}}
@string{lonvick			=	{Chris Lonvick}}
@string{ludwig			=	{Walter Ludwig}}

@string{madhusudan		=	{Parthasarathy Madhusudan}}
@string{maitra			=	{Ashok P. Maitra}}
@string{majumdar		=	{Rupak Majumdar}}
@string{maler			=	{Oded Maler}}
@string{mang			=	{Freddy Y. C. Mang}}
@string{manna			=	{Zohar Manna}}
@string{markey			=	{Nicolas Markey}}
@string{martin			=	{Donald A. Martin}}
@string{mattmuller              =       {Mattm{\"u}ller, Robert}}
@string{matousek		=	{Ji\v{r}\'i Matou\v{s}ek}}
@string{mayr                    =       {Ernst W. Mayr}}
@string{mayrr                   =       {Richard Mayr}}
@string{mazowiecki              =       {Filip Mazowiecki}}
@string{mazurkiewicz		=	{Antoni W. Mazurkiewicz}}
@string{mackenzie		=	{Allen B. MacKenzie}}
@string{mciver			=	{Annabelle McIver}}
@string{mcmillan		=	{Kenneth L. McMillan}}
@string{mcnaughton		=	{Robert McNaughton}}
@string{megiddo                 =       {Nimrod Megiddo}}
@string{menasche                =       {Menasche, Miguel}}
@string{mertens			=	{Jean-Fran{\c{c}}ois Mertens}}
@string{meyer			=	{Antoine Meyer}}
@string{meyerar                 =       {Albert R. Meyer}}
@string{micali			=	{Silvio Micali}}
@string{mikucionis              =       {Miku{\v{c}}ionis, Marius}}
@string{miltersen		=	{Peter Bro Miltersen}}
@string{mitchell                =       {John Mitchell}}
@string{minsky  		=	{Marvin L. Minsky}}
@string{mogavero		=	{Fabio Mogavero}}
@string{mohalik			=	{Swarup Mohalik}}
@string{monmege			=	{Benjamin Monmege}}
@string{morgan			=	{Carroll Morgan}}
@string{morgenstern		=	{O. Morgenstern}}
@string{moro			=	{Pierre Moro}}
@string{morvan			=	{R{\'{e}}mi Morvan}}
@string{mostowski		=	{Andrzej W. Mostowski}}
@string{muller			=	{David E. Muller}}
@string{murano			=	{Aniello Murano}}
@string{murawski		=	{Andrzej S. Murawski}}
@string{muscholl		=	{Anca Muscholl}}
@string{mycielski		=	{Jan Mycielski}}

@string{narten			=	{Thomas Narten}}
@string{nash			=	{John F. Nash}}
@string{nerode			=	{Anil Nerode}}
@string{neumann 		=	{Jakub Neumann}}
@string{neyman			=	{Abraham Neyman}}
@string{nilsson			=	{Marcus Nilsson}}
@string{niskanen                =       {Reino Niskanen}}
@string{niwinski		=	{Damian Niwinski}}
@string{norris			=	{J.R. Norris}}
@string{novotny			=	{Petr Novotn\'y}}

@string{ohlmann			=	{Pierre Ohlmann}}
@string{ong			=	{C.-H. Luke Ong}}
@string{osicka                  =       {Petr Osi\v{c}ka}}
@string{ostergaard              =       {{\O}stergaard, Lars K{\ae}rlund}}
@string{oualhadj		=	{Youssouf Oualhadj}}
@string{owicki			=	{Susan S. Owicki}}

@string{parthasarathy                 =       {T. Parthasarathy}}
@string{pansiot                 =       {Jean-Jacques Pansiot}}
@string{papadimitriou		=	{Christos H. Papadimitriou}}
@string{park			=	{Seungjoon Park}}
@string{parys			=	{Pawe{\l} Parys}}
@string{paterson		=	{Mike Paterson}}
@string{pauly	                =       {Arno Pauly}}
@string{pavlov                  =       {Pavlov, Dmitri S.}}
@string{paz			=	{Azaria Paz}}
@string{perelli			=	{Giuseppe Perelli}}
@string{perez                   =       {Guillermo A. P\'erez}}
@string{peter                   =       {Peter, Hans=J{\"o}rg}}
@string{petit                   =       {Petit, Antoine}}
@string{petri                   =       {Carl Adam Petri}}
@string{petrucci		=	{Laure Petrucci}}
@string{piterman		=	{Nir Piterman}}
@string{potapov                 =       {Igor Potapov}}
@string{pnueli			=	{Amir Pnueli}}
@string{prabhu                  =       {Prabhu, Vinayak S.}}
@string{puri			=	{Anuj Puri}}
@string{puterman		=	{Martin L. Puterman}}

@string{queille			=	{Jean-Pierre Queille}}

@string{rabin			=	{Michael O. Rabin}}
@string{rabinovich		=	{Alexander Rabinovich}}
@string{rackoff                 =       {Charles Rackoff}}
@string{ramadge			=	{Peter J. Ramadge}}
@string{randour                 =       {Mickael Randour}}
@string{raskin			=	{Jean-Fran{\c{c}}ois Raskin}}
@string{reichert                =       {Julien Reichert}}
@string{remmel			=	{Jeffrey B. Remmel}}
@string{renegar			=	{James Renegar}}
@string{reynier	                =       {Pierre-Alain Reynier}}
@string{rivest			= 	{Ronald L. Rivest}}
@string{rizzi                   =       {Rizzi, Romeo}}
@string{rosenberg               =       {Arnold L. Rosenberg}}
@string{rosenthal 		=       {Jeffrey S. Rosenthal}}
@string{rosner			=	{Roni Rosner}}
@string{roughgarden		=	{Tim Roughgarden}}
@string{rr			=	{George R.R. Martin}}
@string{rubin			=	{Sasha Rubin}}
@string{rudolf			=	{Gabor Rudolf}}
@string{rutkowski		=	{Micha{\l} Rutkowski}}
@string{ryan			=	{Mark Ryan}}

@string{samuelides              =       {Mathias Samuelides}}
@string{sandberg                =       {Sven Sandberg}}
@string{sangnier                =       {Arnaud Sangnier}}
@string{sankur       	        =       {Ocan Sankur}}
@string{sassolas                =       {Mathieu Sassolas}}
@string{savitch 		= 	{Walter J. Savitch}}
@string{sawa                    =       {Zden{\v{e}}k Sawa}}
@string{scedrov                 =       {Andre Scedrov}}
@string{schneider		=	{Fred B. Schneider}}
@string{schewe			=	{Sven Schewe}}
@string{schmitz                 =       {Sylvain Schmitz}}
@string{schnoebelen             =       {Phhilippe Schnoebelen}}
@string{schobbens		=	{Pierre-Yves Schobbens}}
@string{schuller		=	{Rebecca A. Schuller}}
@string{schwentick		=	{Thomas Schwentick}}
@string{segoufin		=	{Luc Segoufin}}
@string{seidl			=	{Helmut Seidl}}
@string{serre			=	{Olivier Serre}}
@string{shapley			=	{Lloyd S. Shapley}}
@string{shankar                 =       {Narayan Shankar}}
@string{shiau			=	{Tzong-Huei Shiau}}
@string{shomrat			=	{Amit Shomrat}}
@string{sifakis			=	{Joseph Sifakis}}
@string{sistla			=	{A. Prasad Sistla}}
@string{smolka                  =       {Smolka, Scott A.}}
@string{somla			=	{Rafal Somla}}
@string{sorensen		=	{Troels Bjerre S{\o}rensen}}
@string{sorensenm		=	{Mathias Grund S{\o}rensen}}
@string{sorin			=	{Sylvain Sorin}}
@string{sproston                =       {Jeremy Sproston}}
@string{srba                    =       {Ji{\v{r}}{\'i} Srba}}
@string{stan			=	{Daniel Stan}}
@string{staiger			=	{Ludwig Staiger}}
@string{stein			= 	{Cliffor Stein}}
@string{stephan			=	{Frank Stephan}}
@string{stewart  		=	{F.M. Stewart}}
@string{stirling		=	{Colin Stirling}}
@string{streett			=	{Robert S. Streett}}
@string{stoelinga		=	{Marielle Stoelinga}}
@string{sudderth		=	{William D. Sudderth}}
@string{sullivan                =       {Gregory Sullivan}}
@string{sutre			=	{Gr{\'e}goire Sutre}}
@string{sutton			=	{Richard S. Sutton}}
@string{szepietowski		=	{Andrzej Szepietowski}}
@string{sznadjer                =       {Nathalie Sznadjer}}

@string{taankvist               =       {Taankvist, Jakob Haar}}
@string{talwar			=	{Kunal Talwar}}
@string{taankvist		=	{Jakob Haahr Taankvist}}}
@string{tencate			=	{Balder {t}en Cate}}
@string{thiagarajan		=	{P.S. Thiagarajan}}
@string{thomas			=	{Wolfgang Thomas}}
@string{thomson			=	{Susan Thomson}}
@string{touili			=	{Tayssir Touili}}
@string{traonouez               =       {Traonouez, Louis-Marie}}
@string{tripakis                =       {Tripakis, Stavros}}
@string{tsay                    =       {Yih-Kuen Tsay}}
@string{tseng                   =       {Paul Tseng}}
@string{tsitsiklis              =       {John N. Tsitsiklis}}

@string{ummels			=	{Michael Ummels}}
@string{urquhart                =       {Alasdair Urquhart}}

@string{vardi			=	{Moshe Y. Vardi}}
@string{vanbegin                =       {Laurent Van Begin}}
@string{velner                  =       {Yaron Velner}}
@string{voge			=	{Jens V{\"o}ge}}
@string{vonneumann		=	{John {v}on Neumann}}
@string{vorobyov		=	{Sergei Vorobyov}}
@string{vrieze    		=	{Koos Vrieze}}

@string{wagner			=	{Klaus W. Wagner}}
@string{walker   		=	{David Walker}}
@string{wallmeier		=	{Nico Wallmeier}}
@string{walukiewicz		=	{Igor Walukiewicz}}
@string{wasowski                =       {W{\k a}sowski, Andrzej}}
@string{wicker			=	{Stephen B. Wicker}}
@string{wigderson		=	{Avi Wigderson}}
@string{wilke			=	{Thomas Wilke}}
@string{williams		=	{David Williams}}
@string{wojtczak		=	{Dominik Wojtczak}}
@string{wolper			=	{Pierre Wolper}}
@string{wonham			=	{W. M. Wonham}}

@string{yakhnis			=	{Alexander Yakhnis}}
@string{yang			=	{Shaofa Yang}}
@string{yannakakis		=	{Mihalis Yannakakis}}
@string{ye		        =	{Yinyu Ye}}
@string{yi                      =       {Yi, Wang}}
@string{ylonen			=	{Tatu Ylonen}}

@string{zhao			=	{Jihui Zhao}}
@string{zeitoun			=	{Marc Zeitoun}}
@string{zermelo			=	{Ernst Zermelo}}
@string{zielonka		=	{Wies{\l}aw Zielonka}}
@string{zimmermann		=	{Martin Zimmermann}}
@string{zwick			=	{Uri Zwick}}
@article{Bjorklund&Sandberg&Vorobyov:2004,
	Author = bjorklund #{ and }# sandberg #{ and }# vorobyov,
	chap   = {7},
	Journal = tcs,
	Pages = {365--378},
	Title = {Memoryless Determinacy of Parity and Mean Payoff Games: a Simple Proof},
	Volume = {310},
	Year = {2004}}

@inproceedings{Gimbert&Zielonka:2004,
	Author = gimbert #{ and }# zielonka,
	chap   = {7},
	Booktitle =  mfcs # {04},
	Pages = {686--698},
	Publisher = {Springer},
	Series = {Lecture Notes in Computer Science},
	Title = {When Can You Play Positionally?},
	Volume = {3153},
	Year = {2004}}

@article{Jurdzinski:1998,
	Author = jurdzinski,
	chap   = {7},
	Journal = ipl,
	Number = {3},
	Pages = {119--124},
	Title = {Deciding the Winner in Parity Games Is in UP $\cap$ co-UP},
	Volume = {68},
	Year = {1998}}

@article{Zwick&Paterson:1996,
	Author = zwick #{ and }# paterson,
	chap   = {7},
	Journal = tcs,
	Keywords = {mean-payoff games, game theory},
	Pages = {343--359},
	Title = {The Complexity of Mean Payoff Games},
	Volume = {158},
	Year = {1996}}

@techreport{Zwick&Paterson:1995,
	Author = zwick #{ and }# paterson,
	chap   = {7},
	Institution = {Electronic Colloquium on Computational Complexity},
	Number = {TR95-040},
	Title = {The Complexity of Mean Payoff Games on Graphs},
	Year = {1995}}

@article{Ehrebfeucht&Mycielski:1979,
	Author = ehrenfeucht #{ and }# mycielski,
	chap   = {7},
	Journal = {International Journal of Game Theory},
	Number = {2},
	Pages = {109--113},
	Title = {Positional Strategies for Mean Payoff Games},
	Volume = {8},
	Year = {1979}}

@article{Bjorklund&Vorobyov:2007,
	Author = bjorklund #{ and }# vorobyov,
	chap   = {7},
	Journal = {Discrete Applied Mathematics},
	Pages = {210--229},
	Title = {A Combinatorial Strongly Subexponential Strategy Improvement Algorithm for Mean Payoff Games},
	Volume = {155},
	Year = {2007}}

@article{Khachiyan&al:2008,
	Author = khachiyan #{ and }# boros #{ and }# borys #{ and }# elbassioni #{ and }# gurvich #{ and }# rudolf #{ and }# zhao,
	chap   = {7},
	journal = {Theory of Computing Systems},
	Pages = {204--233},
	Title = {On Short Paths Interdiction Problems: Total and Node-Wise Limited Interdiction},
	Volume = {43},
	Year = {2008}}

@inproceedings{Zermelo:1913,
	Author = zermelo,
	chap   = {7},
	Booktitle = icm # {13},
	Pages = {501--504},
	Publisher = cup,
	Title = {Uber eine Anwendung der Mengenlehre auf die Theorie des Schachspiels},
	Volume = 2,
	Year = 1913}

@article{Borel:1921,
	Author = borel,
	chap   = {7},
	Journal = {Comptes-rendus de l'Acad{\'e}mie des Sciences},
	Pages = {1304--1308},
	Title = {La th{\'e}orie du Jeu et les {\'e}quations int{\'e}grales {\`a} noyau sym{\'e}trique},
	Volume = 1923,
	Year = 1921}

@book{vonNeumann&Morgenstern:1944,
	Author = vonneumann #{ and }# morgenstern,
	chap   = {7},
	Publisher = pup,
	Title = {Theory of Games and Economic Behavior},
	Year = 1944}

@incollection{Kuh:1953,
	Author = kuhn,
	chap   = {7},
	Booktitle = {Contributions to the Theory of Games II},
	Pages = {245--266},
	Publisher = pup,
	Series = amst,
	Title = {Extensive Games and the Problem of Information},
	Volume = 28,
	Year = 1953}

@inproceedings{Sha:1953,
	Author = shapley,
	chap   = {7},
	Booktitle = pnas,
	Pages = {1095--1100},
	Title = {Stochastic Games},
	Volume = 39,
	Year = 1953}

@book{Dic:1955,
	Author = dick,
	chap   = {7},
	Publisher = {Ace Books},
	Title = {Solar Lottery},
	Year = 1955}

@incollection{Gil:1957,
	Author = gillette,
	chap   = {7},
	Booktitle = {Contributions to the Theory of Games III},
	Pages = {179--187},
	Publisher = pup,
	Series = amst,
	Title = {Stochastic Games with Zero Stop Probability},
	Volume = 39,
	Year = 1957}
	
@inproceedings{Everett:1957,
        author = everett,
        chap   = {7},
        title = {Recursive Games},
	Booktitle = {Contributions to the Theory of Games III},
	Publisher = pup,
	Series = amst,
        volume = 39,
        pages = "47--78",
        year = 1957
}

@article{BE:1958,
	Author = buchi #{ and }# elgot,
	chap   = {7},
	Journal = ams,
	Title = {Decision Problems of Weak Second-order Arithmetics and Finite Automata},
	Volume = {5},
	Year = {1958}}

@book{How:1960,
	Author = howard,
	chap   = {7},
	Publisher = {M.I.T. Press},
	Title = {Dynamic Programming and Markov Processes},
	Year = 1960}

@inproceedings{Buc:1962,
	Author = buchi,
	chap   = {7},
	Booktitle = clmps # {60},
	Pages = {1--11},
	Publisher = sup,
	Title = {On a decision method in restricted second-order arithmetic},
	Year = 1962}

@inproceedings{Chu:1962,
	Author = church,
	chap   = {7},
	Booktitle = {Proceedings of the International Congress of Mathematicians},
	Pages = {23--35},
	Title = {Logic, arithmetic, and automata},
	Year = 1962}

@article{Der:1962,
	Author = derman,
	chap   = {7},
	Journal = {Management Science},
	Number = 1,
	Pages = {16--24},
	Publisher = {Informs},
	Title = {On Sequential Decisions and Markov Chains},
	Volume = 9,
	Year = 1962}

@incollection{Aum:1964,
	Author = aumann,
	chap   = {7},
	Booktitle = {Advances in Game Theory},
	Pages = {627--650},
	Publisher = pup,
	Series = amst,
	Title = {Mixed and Behavior Strategies in Infinite Extensive Games},
	Volume = 52,
	Year = 1964}

@techreport{McN:1965,
	Author = mcnaughton,
	chap   = {7},
	Institution = mit,
	Note = {Project MAC},
	Title = {Finite-state Infinite Games},
	Year = 1965}
	
@book{Dantzig:1965,
	title	= {Linear programming and extensions},
	author	= dantzig,
	chap	  = {7},
	year	= {1965},
	publisher	= pup
}

@article{HK:1966,
	Author = hoffman #{ and }# karp,
	chap   = {7},
	Journal = {Management Science},
	Number = {5},
	Pages = {359--370},
	Publisher = {Informs},
	Title = {On Nonterminating Stochastic Games},
	Volume = {12},
	Year = {1966}}
	
@article{BF:1968,
author = blackwell #{ and }# ferguson,
chap   = {7},
journal = amstat,
pages = {159--163},
title = {The Big Match},
year = {1968}
}


@article{BL:1969,
	Author = buchi #{ and }# landweber,
	chap   = {7},
	Journal = tams,
	Pages = {295--311},
	Title = {Solving Sequential Conditions by Finite-State Strategies},
	Volume = 138,
	Year = 1969}

@article{LL:1969,
	Author = liggett #{ and }# lippman,
	chap   = {7},
	Journal = {SIAM Review},
	Number = 4,
	Pages = {604--607},
	Title = {Stochastic Games with Perfect Information and Time Average Payoff},
	Volume = 11,
	Year = 1969}

@article{Rabin:1969,
	Author = rabin,
	chap   = {7},
	Journal = tams,
	Pages = {1--35},
	Title = {Automata on Infinite Objects and Church's Problem},
	Volume = 141,
	Year = 1969}

@book{Paz:1971,
	Author = paz,
	chap   = {7},
	Publisher = ap,
	Title = {Introduction to Probabilistic Automata},
	Year = 1971}

@article{Parthasarathy:1973,
author = parthasarathy,
chap   = {7},
journal = ijgt,
pages = {25--37},
title = {Discounted, positive, and non-cooperative stochastic games},
year = {1973}
}


@book{Der:1972,
	Author = derman,
	chap   = {7},
	Publisher = {Academic Press},
	Title = {Finite State Markovian Decision Processes},
	Year = 1972}

@article{Kohlberg:1974,
	author = kohlberg,
	chap   = {7},
	journal = amstat,
	pages = {724--738},
	title = {Repeated Games with Absorbing States},
	year = "1974"
}



@article{SW:1974,
	Author = staiger #{ and }# wagner,
	chap   = {7},
	Journal = eik,
	Number = 7,
	Pages = {379--392},
	Title = {Automatentheoretische und automatenfreie Charakterisierungen topologischer Klassen regul{\"a}rer Folgenmengen},
	Volume = 10,
	Year = 1974}

@article{Mar:1975,
	Author = martin,
	chap   = {7},
	Journal = {Annals of Mathematics},
	Number = 2,
	Pages = {363--371},
	Title = {Borel Determinacy},
	Volume = 102,
	Year = 1975}

@inproceedings{Maz:1975,
	Author = mazurkiewicz,
	chap   = {7},
	Booktitle = mfcs # {75},
	Pages = {75--87},
	Publisher = springer,
	Series = lncs,
	Title = {Parallel Recursive Program Schemes},
	Volume = 32,
	Year = 1975}

@article{OG:1976,
	Author = owicki #{ and }# gries,
	chap   = {7},
	Journal = cacm,
	Number = 5,
	Pages = {279--285},
	Title = {Verifying Properties of Parallel Programs: An Axiomatic Approach},
	Volume = 19,
	Year = 1976}
	
@article{HPRV:1976,
 author = himmelberg #{ and }# parthasarathy #{ and }# raghavan #{ and }# vleck,
 chap   = {7},
  journal = tams,
 pages = {245--251},
 title = {Existence of $p$-Equilibrium and Optimal Stationary Strategies in Stochastic Games},
 year = {1976}
}


@inproceedings{Pnu:1977,
	Author = pnueli,
	chap   = {7},
	Booktitle = focs # {77},
	Pages = {46--57},
	Publisher = ieee,
	Title = {The Temporal Logic of Programs},
	Year = 1977}

@article{HK:1979,
	Author = hordijk #{ and }# kallenberg,
	chap   = {7},
	Journal = ms,
	Number = 4,
	Pages = {353-362},
	Title = {Linear Programming and Markov Decision Chains},
	Volume = 25,
	Year = 1979}

@article{Kha:1979,
	Author = khachiyan,
	chap   = {7},
	Journal = {Soviet Mathematics Doklady},
	Pages = {191--194},
	Title = {A Polynomial Algorithm in Linear Programming},
	Volume = {20},
	Year = {1979}}

@inproceedings{Clarke&Emerson:1981,
	Author = clarke #{ and }# emerson,
	chap   = {7},
	Booktitle = lop,
	Pages = {52--71},
	Publisher = springer,
	Series = lncs,
	Title = {Design and Synthesis of Synchronization Skeletons Using Branching-Time Temporal Logic},
	Volume = 131,
	Year = 1981}

@article{KS:1981,
	Author = kumar #{ and }# shiau,
	chap   = {7},
	Journal = sjco,
	Number = 5,
	Pages = {617--634},
	Title = {Existence of Value and Randomized Strategies in Zero-sum Discrete-time Stochastic Dynamic Games},
	Volume = 19,
	Year = 1981}

@article{MN:1981,
	Author = mertens #{ and }# neyman,
	chap   = {7},
	Journal = ijgt,
	Pages = {53--56},
	Title = {Stochastic Games},
	Volume = 10,
	Year = 1981}

@article{Dix:1982,
	Author = dixon,
	chap   = {7},
	Journal = {Numerische Mathematik},
	Pages = {137--141},
	Title = {Exact Solution of Linear Equations Using {$p$}-adic Expansions},
	Volume = {40},
	Year = {1982}}

@inproceedings{GH:1982,
	Author = gurevich #{ and }# harrington,
	chap   = {7},
	Booktitle = stoc # {82},
	Pages = {60--65},
	Publisher = acm,
	Title = {Trees, Automata, and Games},
	Year = 1982}

@inproceedings{QS:1982,
	Author = queille #{ and }# sifakis,
	chap   = {7},
	Booktitle = focs # {82},
	Pages = {217--225},
	Publisher = ieee,
	Title = {A Temporal Logic to Deal with Fairness in Transition Systems},
	Year = 1982}

@book{Smi:1982,
	Author = {John Maynard Smith},
	chap   = {7},
	Publisher = cup,
	Title = {Evolution and the Theory of Games},
	Year = 1982}

@article{Koz:1983,
	Author = kozen,
	chap   = {7},
	Journal = tcs,
	Number = 3,
	Pages = {333--354},
	Title = {Results on the propositional $\mu$-calculus},
	Volume = 27,
	Year = 1983}

@article{Buchi:1983,
	Author = buchi,
	chap   = {7},
	Journal = jsl,
	Number = {4},
	Pages = {1171--1198},
	Title = {State-Strategies for Games in \$F_{\sigma \delta}\$ and \$G_{\delta \sigma}\$},
	Volume = {48},
	Year = {1983}
}

@inproceedings{Streett&Emerson:1984,
	Author = streett #{ and }# emerson,
	chap   = {7},
	Booktitle = icalp # {84},
	Title = {The Propositional Mu-Calculus is Elementary},
	Year = {1984}}

@inproceedings{Mostowski:1984,
	Author = mostowski,
	chap   = {7},
	Booktitle = computationth,
	Title = {Regular Expressions for Infinite Trees and a Standard Form of Automata},
	Year = {1984}}

@article{AS:1985,
	Author = alpern #{ and }# schneider,
	chap   = {7},
	Journal = ipl,
	Number = 4,
	Pages = {181--185},
	Title = {Defining Liveness},
	Volume = 21,
	Year = 1985}

@inproceedings{EL:1985,
	Author = emerson #{ and }# lei,
	chap   = {7},
	Booktitle = popl # {85},
	Pages = {84--96},
	Title = {Modalities for Model Checking: Branching Time Strikes Back.},
	Year = 1985}

@inproceedings{Var:1985,
	Author = vardi,
	chap   = {7},
	Booktitle = focs # {85},
	Pages = {327--338},
	Publisher = ieee,
	Title = {Automatic Verification of Probabilistic Concurrent Finite-State Programs},
	Year = 1985}

@article{CES:1986,
	Author = clarke #{ and }# emerson #{ and }# sistla,
	chap   = {7},
	Journal = toplas,
	Number = 2,
	Pages = {244--263},
	Title = {Automatic Verification of Finite-State Concurrent Systems Using Temporal Logic Specifications},
	Volume = 8,
	Year = 1986}

@book{Kav:1986,
	Author = {Gregory S. Kavka},
	chap   = {7},
	Publisher = {Princeton University Press},
	Title = {Hobbesian moral and political theory},
	Year = 1986}

@inproceedings{VW:1986,
	Author = vardi #{ and }# wolper,
	chap   = {7},
	Booktitle = lics # {86},
	Pages = {332--344},
	Publisher = ieee,
	Title = {An Automata-Theoretic Approach to Automatic Program Verification},
	Year = 1986}

@inproceedings{GMW:1987,
	Author = goldreich #{ and }# micali #{ and }# wigderson,
	chap   = {7},
	Booktitle = stoc # {87},
	Pages = {218--229},
	Publisher = acm,
	Title = {How to Play any Mental Game or A Completeness Theorem for Protocols with Honest Majority},
	Year = 1987}

@article{RW:1987,
	Author = ramadge #{ and }# wonham,
	chap   = {7},
	Journal = sjco,
	Number = 1,
	Pages = {206--230},
	Title = {Supervisory control of a class of discrete-event processes},
	Volume = 25,
	Year = 1987}

@inproceedings{EJ:1988,
	Author = emerson #{ and }# jutla,
	chap   = {7},
	Booktitle = focs # {88},
	Pages = {328--337},
	Publisher = ieee,
	Title = {The Complexity of Tree Automata and Logics of Programs},
	Year = 1988}

@article{Ren:1988,
	Author = renegar,
	chap   = {7},
	Journal = mp,
	Number = 1,
	Pages = {59--93},
	Publisher = springer,
	Title = {A polynomial-time algorithm, based on Newton's method, for linear programming},
	Volume = 40,
	Year = 1988}

@inproceedings{PR:1989,
	Author = pnueli #{ and }# rosner,
	chap   = {7},
	Booktitle = popl # {89},
	Pages = {179--190},
	Title = {On the Synthesis of a Reactive Module},
	Year = 1989}

@inproceedings{Emerson&Jutla:1991,
	Author = emerson #{ and }# jutla,
	chap   = {7},
	Booktitle = focs # {91},
	Pages = {368--377},
	Publisher = ieee,
	Title = {Tree Automata, $\mu$-Calculus and Determinacy},
	Year = 1991}

@techreport{Mostowski:1991,
	Author = mostowski,
	chap   = {7},
	Institution = {University of Gdansk},
	Number = 78,
	Title = {Games with Forbidden Positions},
	Year = 1991}

@book{Wil:1991,
	Author = Williams,
	chap   = {7},
	Publisher = cup,
	Title = {Probability with Martingales},
	Year = 1991}

@article{Bla:1992,
	Author = blass,
	chap   = {7},
	Journal = apal,
	Number = {1--3},
	Pages = {183--220},
	Title = {A Game Semantics for Linear Logic},
	Volume = 56,
	Year = 1992}

@article{Con:1992,
	Author = condon,
	chap   = {7},
	Journal = ic,
	Number = 2,
	Pages = {203--224},
	Title = {The Complexity of Stochastic Games},
	Volume = 96,
	Year = 1992}

@book{MP:1992,
	Author = manna #{ and }# pnueli,
	chap   = {7},
	Publisher = springer,
	Title = {The Temporal Logic of Reactive and Concurrent Systems: Specification},
	Year = 1992}

@inproceedings{Con:1993,
	Author = condon,
	chap   = {7},
	Booktitle = {Advances in Computational Complexity Theory},
	Pages = {51--73},
	Publisher = ams,
	Series = {DIMACS Series in Discrete Mathematics and Theoretical Computer Science},
	Title = {On Algorithms for Simple Stochastic Games},
	Volume = 13,
	Year = 1993}

@inproceedings{EJS:1993,
	Author = emerson #{ and }# jutla #{ and }# sistla,
	chap   = {7},
	Booktitle = cav # {93},
	Pages = {385--396},
	Publisher = springer,
	Series = lncs,
	Title = {On Model-Checking for Fragments of $\mu$-Calculus},
	Volume = 697,
	Year = 1993}

@article{McNaughton:1993,
	Author = mcnaughton,
	chap   = {7},
	Journal = apal,
	Number = 2,
	Pages = {149--184},
	Title = {Infinite Games Played on Finite Graphs},
	Volume = 65,
	Year = 1993}

@phdthesis{McM:1993,
	Author = mcmillan,
	chap   = {7},
	School = {Carnegie Mellon University},
	Title = {Symbolic Model Checking},
	Year = 1993}
	
@inproceedings{Lipton&Young:1994,
 	author = lipton #{ and }# young,
 	chap   = {7},
 title = {Simple Strategies for Large Zero-sum Games with Applications to Complexity Theory},
 series = stoc # {94},
 pages = {734--740},
 publisher = acm
} 

@book{Bil:1995,
	Author = billingsley,
	chap   = {7},
	Publisher = {John Wiley {\&} Sons},
	Title = {Probability and Measure},
	Year = 1995}

@inproceedings{Tho:1995,
	Author = thomas,
	chap   = {7},
	Booktitle = stacs # {95},
	Pages = {1--13},
	Publisher = springer,
	Series = lncs,
	Title = {On the Synthesis of Strategies in Infinite Games},
	Volume = 900,
	Year = 1995}

@article{CY:1995,
	Author = courcoubetis #{ and }# yannakakis,
	chap   = {7},
	Journal = jacm,
	Number = 4,
	Pages = {857--907},
	Title = {The Complexity of Probabilistic Verification},
	Volume = 42,
	Year = 1995}

@article{Lud:1995,
	Author = ludwig,
	chap   = {7},
	Journal = ic,
	Number = 1,
	Pages = {151--155},
	Title = {A Subexponential Randomized Algorithm for the Simple Stochastic Game Problem},
	Volume = 117,
	Year = 1995}

@inproceedings{BLV:1996,
	Author = buhrke #{ and }# lescow #{ and }# voge,
	chap   = {7},
	Booktitle = tacas # {96},
	Pages = {207--224},
	Publisher = springer,
	Series = lncs,
	Title = {Strategy Construction in Infinite Ganes with Streett and Rabin Chain Winning Conditions},
	Volume = 1055,
	Year = 1996}

@book{Dur:1996,
	Author = durett,
	chap   = {7},
	Publisher = duxbury,
	Title = {Probability Theory and Examples},
	Year = {1996}}

@book{MS:1996,
	Author = maitra #{ and }# sudderth,
	chap   = {7},
	Publisher = springer,
	Title = {Discrete Gambling and Stochastic Games},
	Year = 1996}

@article{NRY:1996,
	Author = nerode #{ and }# remmel #{ and }# yakhnis,
	chap   = {7},
	Journal = apal,
	Number = {1--3},
	Pages = {203--242},
	Title = {McNaughton Games and Extracting Strategies for Concurrent Programs},
	Volume = 78,
	Year = 1996}

@inproceedings{Wal:1996,
	Author = walukiewicz,
	chap   = {7},
	Booktitle = cav # {96},
	Pages = {62--74},
	Publisher = springer,
	Series = lncs,
	Title = {Pushdown Processes: Games and Model Checking},
	Volume = 1102,
	Year = 1996}

@inproceedings{BCHKR:1997,
	Author = baier #{ and }# clarke #{ and }# hartonas #{ and }# kwiatkowska #{ and }# ryan,
	chap   = {7},
	Booktitle = icalp # {97},
	Pages = {430--440},
	Publisher = springer,
	Series = lncs,
	Title = {Symbolic Model Checking for Probabilistic Processes},
	Volume = 1256,
	Year = 1997}

@phdthesis{dA:1997,
	Author = dealfaro,
	chap   = {7},
	School = stanford,
	Title = {Formal Verification of Probabilistic Systems},
	Year = 1997}

@inproceedings{DJW:1997,
	Author = dziembowski #{ and }# jurdzinski #{ and }# walukiewicz,
	chap   = {7},
	Booktitle = lics # {97},
	Pages = {99--110},
	Publisher = ieee,
	Title = {How Much Memory is Needed to Win Infinite Games?},
	Year = 1997}

@inproceedings{Kla:1997,
	Author = klarlund,
	chap   = {7},
	Booktitle = csl # {98},
	Pages = {311--326},
	Publisher = springer,
	Series = lncs,
	Title = {Mona {\&} Fido: The Logic-Automaton Connection in Practice},
	Volume = 1414,
	Year = 1997}

@incollection{Tho:1997,
	Author = thomas,
	chap   = {7},
	Booktitle = {Handbook of Formal Languages},
	Chapter = {7},
	Editor = {Rozenberg, G. and Salomaa, A.},
	Pages = {389--455},
	Publisher = {Springer},
	Title = {Languages, Automata, and Logic},
	Volume = {3, Beyond Words},
	Year = {1997}}

@article{AH:1998,
	Author = alur #{ and }# henzinger,
	chap   = {7},
	Journal = toplas,
	Number = 6,
	Pages = {1171--1194},
	Publisher = acm,
	Title = {Finitary Fairness},
	Volume = 20,
	Year = 1998}

@inproceedings{dAHK:1998,
	Author = dealfaro #{ and }# henzinger #{ and }# kupferman,
	chap   = {7},
	Booktitle = focs # {98},
	Pages = {564--575},
	Publisher = ieee,
	Title = {Concurrent Reachability Games},
	Year = 1998}

@inproceedings{KV:1998,
	Author = kupferman #{ and }# vardi,
	chap   = {7},
	Booktitle = stoc # {98},
	Pages = {290--301},
	Publisher = acm,
	Title = {Weak Alternating Automata and Tree Automata Emptiness},
	Year = 1998}

@article{Mar:1998,
	Author = martin,
	chap   = {7},
	Journal = jsl,
	Number = 4,
	Pages = {1565--1581},
	Title = {The Determinacy of Blackwell Games},
	Volume = 63,
	Year = 1998}

@article{MS:1998,
	Author = maitra #{ and }# sudderth,
	chap   = {7},
	Journal = ijgt,
	Number = 2,
	Pages = {257--267},
	Title = {Finitely additive stochastic games with Borel measurable payoffs},
	Volume = 27,
	Year = 1998}

@article{Zielonka:1998,
	Author = zielonka,
	chap   = {7},
	Journal = tcs,
	Number = {1--2},
	Pages = {135-183},
	Publisher = elsevier,
	Title = {Infinite Games on Finitely Coloured Graphs with Applications to Automata on Infinite Trees},
	Volume = 200,
	Year = 1998}

@inproceedings{AM:1999,
	Author = asarin #{ and }# maler,
	chap   = {7},
	Booktitle = hscc # {99},
	Pages = {19--30},
	Publisher = springer,
	Series = lncs,
	Title = {As Soon as Possible: Time Optimal Control for Timed Automata},
	Volume = 1569,
	Year = 1999}

@inproceedings{BKH:1999,
	Author = baier #{ and }# katoen #{ and }# hermanns,
	chap   = {7},
	Booktitle = concur # {99},
	Pages = {146--161},
	Publisher = springer,
	Series = lncs,
	Title = {Approximate Symbolic Model Checking of Continuous-Time Markov Chains},
	Volume = 1664,
	Year = 1999}

@inproceedings{BJNT:2000,
	Author = bouajjani #{ and }# jonsson #{ and }# nilsson #{ and }# touili,
	chap   = {7},
	Booktitle = cav # {00},
	Pages = {403--418},
	Publisher = springer,
	Series = lncs,
	Title = {Regular Model Checking},
	Volume = 1855,
	Year = 2000}

@inproceedings{dAH:2000,
	Author = dealfaro #{ and }# henzinger,
	chap   = {7},
	Booktitle = lics # {00},
	Pages = {141--154},
	Publisher = ieee,
	Title = {Concurrent $\omega$-regular Games},
	Year = {2000}}

@inproceedings{dAHM:2000,
	Author = dealfaro #{ and }# henzinger #{ and }# mang,
	chap   = {7},
	Booktitle = concur # {00},
	Pages = {458--473},
	Publisher = springer,
	Series = lncs,
	Title = {The Control of Synchronous Systems},
	Volume = 1877,
	Year = 2000}

@inproceedings{DK:2000,
	Author = dinneen #{ and }# khoussainov,
	chap   = {7},
	Booktitle = wg # {00},
	Pages = {127--136},
	Publisher = springer,
	Series = lncs,
	Title = {Update Networks and Their Routing Strategies},
	Volume = 1928,
	Year = 2000}

@inproceedings{Jur:2000,
	Author = jurdzinski,
	chap   = {7},
	Booktitle = stacs # {00},
	Pages = {290--301},
	Publisher = springer,
	Series = lncs,
	Title = {Small Progress Measures for Solving Parity Games},
	Volume = 1770,
	Year = 2000}

@inproceedings{LT:2000,
	Author = loding #{ and }# thomas,
	chap   = {7},
	Booktitle = pro # { } # ifiptcs # {00},
	Pages = {521--535},
	Publisher = springer,
	Series = lncs,
	Title = {Alternating Automata and Logics over Infinite Words},
	Volume = 1872,
	Year = 2000}

@inproceedings{VJ:2000,
	Author = voge #{ and }# jurdzinski,
	chap   = {7},
	Booktitle = cav # {00},
	Pages = {202-215},
	Publisher = springer,
	Series = lncs,
	Title = {A Discrete Strategy Improvement Algorithm for Solving Parity Games},
	Volume = 1855,
	Year = 2000}

@inproceedings{EWS:2001,
	Author = etessami #{ and }# wilke #{ and }# schuller,
	chap   = {7},
	Booktitle = icalp # {01},
	Pages = {694--707},
	Publisher = springer,
	Series = lncs,
	Title = {Fair Simulation Relations, Parity Games, and State Space Reduction for B{\"u}chi Automata},
	Volume = 2076,
	Year = 2001}

@book{Sti:2001,
	Author = stirling,
	chap   = {7},
	Publisher = springer,
	Series = {Graduate Texts in Computer Science},
	Title = {Modal and Temporal Properties of Processes},
	Year = 2001}

@article{AHK:2002,
	Author = alur #{ and }# henzinger #{ and }# kupferman,
	chap   = {7},
	Booktitle = focs # {97},
	Journal = jacm,
	Number = 5,
	Pages = {672--713},
	Publisher = acm,
	Title = {Alternating-time Temporal Logic},
	Volume = 49,
	Year = 2002}

@article{BJW:2002,
	Author = bernet #{ and }# janin #{ and }# walukiewicz,
	chap   = {7},
	Journal = ita,
	Number = 3,
	Pages = {261--275},
	Title = {Permissive strategies: from parity games to safety games},
	Volume = 36,
	Year = 2002}

@inproceedings{GMSZ:2002,
	Author = genest #{ and }# muscholl #{ and }# seidl #{ and }# zeitoun,
	chap   = {7},
	Booktitle = icalp # {02},
	Pages = {657--668},
	Publisher = springer,
	Series = lncs,
	Title = {Infinite-State High-Level MSCs: Model-Checking and Realizability},
	Volume = 2380,
	Year = 2002}

@proceedings{GTW:2002,
	Booktitle = {Automata, Logics, and Infinite Games},
	Editor = gradel #{ and }# thomas #{ and }# wilke,
	Publisher = springer,
	Series = lncs,
	Title = {Automata, Logics, and Infinite Games: A Guide to Current Research [outcome of a Dagstuhl seminar, February 2001]},
	Volume = 2500,
	Year = 2002}

@inproceedings{IK:2002,
	Author = ishihara #{ and }# khoussainov,
	chap   = {7},
	Booktitle = wg # {02},
	Pages = {270--281},
	Publisher = springer,
	Series = lncs,
	Title = {Complexity of Some Infinite Games Played on Finite Graphs},
	Volume = 2573,
	Year = 2002}

@inproceedings{JKH:2002,
	Author = jurdzinski #{ and }# kupferman #{ and }# henzinger,
	chap   = {7},
	Booktitle = csl # {02},
	Pages = {292--305},
	Publisher = springer,
	Series = lncs,
	Title = {Trading Probability for Fairness},
	Volume = 2471,
	Year = 2002}

@inproceedings{MM:2002,
	Author = mciver #{ and }# morgan,
	chap   = {7},
	Booktitle = lpar # {02},
	Pages = {292--310},
	Publisher = springer,
	Series = lncs,
	Title = {Games, Probability, and the Quantitative $\mu$-calculus},
	Volume = 2514,
	Year = 2002}

@article{NSW:2002,
	Author = neumann #{ and }# szepietowski #{ and }# walukiewicz,
	chap   = {7},
	Journal = ipl,
	Number = 4,
	Pages = {181-187},
	Title = {Complexity of Weak Acceptance Conditions in Tree Automata},
	Volume = 84,
	Year = 2002}

@inproceedings{BFLP:2003,
	Author = bardin #{ and }# finkel #{ and }# leroux #{ and }# petrucci,
	chap   = {7},
	Booktitle = cav # {03},
	Pages = {118--121},
	Publisher = springer,
	Series = lncs,
	Title = {FAST: Fast Acceleration of Symbolikc Transition Systems},
	Volume = 2725,
	Year = 2003}

@phdthesis{Chr:2003,
	Author = chroboczek,
	chap   = {7},
	School = {University of Edinburgh},
	Title = {Game Semantics and Subtyping},
	Year = 2003}

@inproceedings{CJH:2003,
	Author = chatterjee #{ and }# jurdzinski #{ and }# henzinger,
	chap   = {7},
	Booktitle = csl # {03},
	Pages = {100--113},
	Publisher = springer,
	Series = lncs,
	Title = {Simple Stochastic Parity Games},
	Volume = 2803,
	Year = 2003}

@inproceedings{dAFHMS:2003,
	Author = dealfaro #{ and }# faella #{ and }# henzinger #{ and }# majumdar #{ and }# stoelinga,
	chap   = {7},
	Booktitle = concur # {03},
	Pages = {142--156},
	Publisher = springer,
	Series = lncs,
	Title = {The Element of Surprise in Timed Games},
	Volume = 2761,
	Year = 2003}

@inproceedings{DJP:2003,
	Author = dershowitz #{ and }# jayasimha #{ and }# park,
	chap   = {7},
	Booktitle = {Verification: Theory and Practice, Essays dedicated to Zohar Manna on the occasion of his 64th birthday},
	Pages = {304--317},
	Publisher = springer,
	Series = lncs,
	Title = {Bounded Fairness},
	Volume = 2772,
	Year = 2003}

@inproceedings{HJMS:2003,
	Author = henzinger #{ and }# jhala #{ and }# majumdar #{ and }# sutre,
	chap   = {7},
	Booktitle = spin # {03},
	Pages = {235--239},
	Publisher = springer,
	Series = lncs,
	Title = {Software Verification with BLAST},
	Volume = 2648,
	Year = 2003}

@phdthesis{Maj:2003,
	Author = majumdar,
	chap   = {7},
	School = berkeley,
	Title = {Symbolic Algorithms for Verification and Control},
	Year = 2003}

@incollection{MS:2003,
	Author = maitra #{ and }# sudderth,
	chap   = {7},
	Booktitle = {Stochastic Games and Applications},
	Pages = {257--267},
	Publisher = springer,
	Title = {Stochastic Games with Borel payoffs},
	Year = 2003}

@inproceedings{MW:2003,
	Author = mohalik #{ and }# walukiewicz,
	chap   = {7},
	Booktitle = fsttcs # {03},
	Pages = {338--351},
	Publisher = springer,
	Series = lncs,
	Title = {Distributed Games},
	Volume = 2914,
	Year = 2003}

@inproceedings{WHT:2003,
	Author = wallmeier #{ and }# hutten #{ and }# thomas,
	chap   = {7},
	Booktitle = ciaa # {03},
	Pages = {11--22},
	Publisher = springer,
	Series = lncs,
	Title = {Symbolic Synthesis of Finite-State Controllers for Request-Response Specifications},
	Volume = 2759,
	Year = 2003}

@article{BontempsSL:2004,
	Author = bontemps #{ and }# schobbens #{ and }# loding,
	chap   = {7},
	Journal = fi,
	Number = 2,
	Pages = {139--169},
	Title = {Synthesis of Open Reactive Systems from Scenario-Based Specifications},
	Volume = 62,
	Year = 2004}

@inproceedings{CdAH:2004,
	Author = chatterjee #{ and }# dealfaro #{ and }# henzinger,
	chap   = {7},
	Booktitle = qest # {04},
	Pages = {206--217},
	Publisher = ieee,
	Title = {Trading Memory for Randomness.},
	Year = 2004}

@inproceedings{CJH:2004,
	Author = chatterjee #{ and }# jurdzinski #{ and }# henzinger,
	chap   = {7},
	Booktitle = soda # {04},
	Pages = {121-130},
	Publisher = siam,
	Title = {Quantitative Stochastic Parity Games},
	Year = 2004}

@inproceedings{CMJ:2004,
	Author = chatterjee #{ and }# majumdar #{ and }# jurdzinski,
	chap   = {7},
	Booktitle = csl # {04},
	Pages = {26--40},
	Publisher = springer,
	Series = lncs,
	Title = {On Nash Equilibria in Stochastic Games},
	Volume = 3210,
	Year = 2004}

@article{dAM:2004,
	Author = dealfaro #{ and }# majumdar,
	chap   = {7},
	Journal = jcss,
	Number = 2,
	Pages = {374--397},
	Publisher = elsevier,
	Title = {Quantitative Solution of $\omega$-regular Games},
	Volume = 68,
	Year = 2004}

@inproceedings{FPT:2004,
	Author = fabrikant #{ and }# papadimitriou #{ and }# talwar,
	chap   = {7},
	Booktitle = stoc # {04},
	Pages = {604--612},
	Publisher = acm,
	Title = {The complexity of pure Nash equilibria},
	Year = 2004}

@inproceedings{GLZ:2004,
	Author = gastin #{ and }# lerman #{ and }# zeitoun,
	chap   = {7},
	Booktitle = fsttcs # {04},
	Pages = {275--286},
	Publisher = springer,
	Series = lncs,
	Title = {Distributed Games with Causal Memory Are Decidable for Series-Parallel Systems},
	Volume = 3328,
	Year = 2004}

@inproceedings{Wal:2004,
	Author = walukiewicz,
	chap   = {7},
	Booktitle = lics # {04},
	Pages = {356--366},
	Publisher = ieee,
	Title = {A Landscape with Games in the Background},
	Year = 2004}

@inproceedings{Zie:2004,
	Author = zielonka,
	chap   = {7},
	Booktitle = fossacs # {04},
	Pages = {499--513},
	Publisher = springer,
	Series = lncs,
	Title = {Perfect-Information Stochastic Parity Games},
	Volume = 2987,
	Year = 2004}

@inproceedings{CdAH:2005,
	Author = chatterjee #{ and }# dealfaro #{ and }# henzinger,
	chap   = {7},
	Booktitle = icalp # {05},
	Pages = {878-890},
	Publisher = springer,
	Series = lncs,
	Title = {The Complexity of Stochastic Rabin and Streett Games.},
	Volume = {3580},
	Year = 2005}

@inproceedings{GZ:2005,
	Author = gimbert #{ and }# zielonka,
	chap   = {7},
	Booktitle = concur # {05},
	Pages = {428--442},
	Publisher = springer,
	Series = lncs,
	Title = {Games Where You Can Play Optimally Without Any Memory},
	Volume = {3653},
	Year = 2005}

@unpublished{Hor:2005,
	Author = horn,
	chap   = {7},
	Note = {In the {\em 2nd Workshop on Games in Design and Verification}, {GDV}'05},
	Title = {Streett Games on Finite Graphs},
	Year = 2005}

@inproceedings{HD:2005,
	Author = hunter #{ and }# dawar,
	chap   = {7},
	Booktitle = mfcs # {05},
	Pages = {495--506},
	Publisher = springer,
	Series = lncs,
	Title = {Complexity Bounds for Regular Games},
	Volume = 3618,
	Year = 2005}

@inproceedings{MTY:2005,
	Author = madhusudan #{ and }# thiagarajan #{ and }# yang,
	chap   = {7},
	Booktitle = fsttcs # {05},
	Pages = {201--212},
	Publisher = springer,
	Series = lncs,
	Title = {The MSO Theory of Connectedly Communicating Processes},
	Volume = 3821,
	Year = 2005}

@book{Rou:2005,
	Author = roughgarden,
	chap   = {7},
	Publisher = mit,
	Title = {Selfish Routing and the Price of Anarchy},
	Year = 2005}

@phdthesis{Ser:2005,
	Author = serre,
	chap   = {7},
	School = paris7,
	Title = {Contribution \`a l'{\'e}tude des jeux sur des graphes de processus \`a pile},
	Year = 2005}

@article{Som:2005,
	Author = somla,
	chap   = {7},
	Journal = entcs,
	Number = 1,
	Pages = {51--65},
	Title = {New Algorithms for Solving Simple Stochastic Games},
	Volume = 119,
	Year = 2005}

@inproceedings{BC:2006,
	Author = bojanczyk #{ and }# colcombet,
	chap   = {7},
	Booktitle = lics # {06},
	Pages = {285--296},
	Publisher = ieee,
	Title = {Bounds in $\omega$-Regularity},
	Year = 2006}

@inproceedings{BDMSS:2006,
	Author = bojanczyk #{ and }# david #{ and }# muscholl #{ and }# schwentick #{ and }# segoufin,
	chap   = {7},
	Booktitle = pods # {06},
	Pages = {10--19},
	Publisher = acm,
	Title = {Two-variable logic on data trees and XML reasoning},
	Year = 2006}

@techreport{Cha:2006,
	Author = chatterjee,
	chap   = {7},
	Institution = berkeley,
	Number = {UCB/EECS-2006-153},
	Title = {Linear Time Algorithm for Weak Parity Games},
	Year = 2006}

@inproceedings{CH:2006,
	Author = chatterjee #{ and }# henzinger,
	chap   = {7},
	Booktitle = concur # {06},
	Pages = {375-389},
	Publisher = springer,
	Series = lncs,
	Title = {Strategy Improvement for Stochastic Rabin and Streett Games},
	Volume = 4137,
	Year = 2006}

@inproceedings{CH:2006,
	Author = chatterjee #{ and }# henzinger,
	chap   = {7},
	Booktitle = stacs # {06},
	Pages = {512-523},
	Publisher = springer,
	Series = lncs,
	Title = {Strategy Improvement and Randomized Subexponential Algorithms for Stochastic Parity Games},
	Volume = 3884,
	Year = {2006}}

@inproceedings{CH:2006,
	Author = chatterjee #{ and }# henzinger,
	chap   = {7},
	Booktitle = tacas # {06},
	Pages = {257-271},
	Publisher = springer,
	Series = lncs,
	Title = {Finitary Winning in {$\omega$}-Regular Games},
	Volume = 3920,
	Year = 2006}

@article{CN:2006,
	Author = colcombet #{ and }# niwinski,
	chap   = {7},
	Journal = tcs,
	Number = {1--3},
	Pages = {190--196},
	Title = {On the Positional Determinacy of Edge-Labeled Games},
	Volume = 352,
	Year = 2006}

@phdthesis{Gim:2006,
	Author = gimbert,
	chap   = {7},
	School = paris7,
	Title = {Jeux Positionels},
	Year = 2006}

@inproceedings{JPZ:2006,
	Author = jurdzinski #{ and }# paterson #{ and }# zwick,
	chap   = {7},
	Booktitle = soda # {06},
	Pages = {117--123},
	Publisher = acm,
	Title = {A Deterministic Subexponential Algorithm for Solving Parity Games},
	Year = 2006}

@inproceedings{PP:2006,
	Author = piterman #{ and }# pnueli,
	chap   = {7},
	Booktitle = lics # {06},
	Pages = {275--284},
	Publisher = ieee,
	Title = {Faster Solutions of Rabin and Streett Games},
	Year = 2006}

@misc{YL:2006,
	Author = ylonen #{ and }# lonvick,
	chap   = {7},
	Howpublished = {RFC 4253 (Proposed Standard)},
	Number = 4253,
	Publisher = {Internet Engineering Task Force},
	Series = {Request for Comments},
	Title = {The Secure Shell (SSH) Transport Layer Protocol},
	Year = 2006}

@phdthesis{Cha:2007,
	Author = chatterjee,
	chap   = {7},
	School = berkeley,
	Title = {Stochastic $\omega$-regular Games},
	Year = 2007}

@inproceedings{Cha:2007,
	Author = chatterjee,
	chap   = {7},
	Booktitle = fossacs # {07},
	Pages = {138--152},
	Publisher = springer,
	Series = lncs,
	Title = {Optimal Strategy Synthesis in Stochastic Muller Games},
	Volume = 4423,
	Year = 2007}

@inproceedings{Cha:2007,
	Author = chatterjee,
	chap   = {7},
	Booktitle = fsttcs # {07},
	Pages = {436--448},
	Publisher = springer,
	Series = lncs,
	Title = {Stochastic M{\"u}ller Games are {\tt PSPACE}-Complete},
	Volume = 4855,
	Year = 2007}

@article{Cha:2007,
	Author = chatterjee,
	chap   = {7},
	Journal = tcs,
	Number = {1--2},
	Pages = {181--198},
	Publisher = elsevier,
	Title = {Concurrent Games with Tail Objectives},
	Volume = 388,
	Year = 2007}

@article{CHDR:2007,
	Author = chatterjee #{ and }# doyen #{ and }# henzinger #{ and }# raskin,
	chap   = {7},
	Journal = lmcs,
	Number = 3,
	Title = {Algorithms for Omega-regular Games of Incomplete Information},
	Volume = 3,
	Year = 2007}

@inproceedings{CHP:2007,
	Author = chatterjee #{ and }# henzinger #{ and }# piterman,
	chap   = {7},
	Booktitle = fossacs # {07},
	Pages = {153-167},
	Publisher = springer,
	Series = lncs,
	Title = {Generalized Parity Games},
	Volume = 4423,
	Year = 2007}
	
@inproceedings{EY:2007,
	author=etessami  #{ and }# yannakakis,
	chap  = {7},
	booktitle=focs # {07},
	title={On the Complexity of Nash Equilibria and Other Fixed Points (Extended Abstract)},
	year={2007},
	pages={113-123}
}
	
@inproceedings{FNS:2007,
 	author = feder  #{ and }# nazerzadeh #{ and }# saberi,
 	chap   = {7},
 	title = {Approximating Nash Equilibria Using Small-support Strategies},
 	booktitle = ec # {07},
 	pages = {352--354},
 	publisher = acm
 } 

@book{Fin:2007,
	Author = {Irving Finkel},
	chap   = {7},
	Publisher = {British Museum Publications},
	Title = {Ancient Board Games in Perspective},
	Year = 2007}

@inproceedings{Gim:2007,
	Author = gimbert,
	chap   = {7},
	Booktitle = stacs # {07},
	Pages = {200--211},
	Publisher = springer,
	Series = lncs,
	Title = {Pure Stationary Optimal Strategies in Markov Decision Processes},
	Volume = 4393,
	Year = 2007}

@incollection{GZ:2007,
	Author = gimbert #{ and }# zielonka,
	chap   = {7},
	Booktitle = {Logic and Automata: History and Perspective},
	Pages = {331--355},
	Publisher = aup,
	Series = tlg,
	Title = {Applying Blackwell Optimality: priority mean-payoff games as limits of multi-discounted games},
	Volume = 2,
	Year = 2007}

@article{Hal:2007,
	Author = halman,
	chap   = {7},
	Journal = {Algorithmica},
	Pages = {37--50},
	Publisher = springer,
	Title = {Simple Stochastic Games, Parity Games, Mean Payoff Games and Discounted Payoff Games are all {LP}-Type Problems},
	Volume = 49,
	Year = 2007}

@inproceedings{Hor:2007,
	Author = horn,
	chap   = {7},
	Booktitle = tacas # {07},
	Pages = {472--484},
	Publisher = springer,
	Series = lncs,
	Title = {Faster Algorithms for Finitary Games.},
	Volume = 4424,
	Year = 2007}

@article{Hor:2007,
	Author = horn,
	chap   = {7},
	Journal = ipl,
	Number = 1,
	Pages = {1--9},
	Publisher = elsevier,
	Title = {Dicing on the Streett},
	Volume = 104,
	Year = 2007}

@misc{Jur:2007,
	Author = jurdzinski,
	chap   = {7},
	Note = perso,
	Year = 2007}

@inproceedings{KPV:2007,
	Author = kupferman #{ and }# piterman #{ and }# vardi,
	chap   = {7},
	Booktitle = cav # {07},
	Pages = {406--419},
	Publisher = springer,
	Series = lncs,
	Title = {From Liveness to Promptness},
	Volume = 4590,
	Year = 2007}

@inproceedings{Mar:2007,
	Author = rr,
	chap   = {7},
	Booktitle = {Dreamsongs: A RRetrospective},
	Pages = {478--531},
	Publisher = {Orion Books},
	Title = {Unsound Variations},
	Volume = 2,
	Year = 2007}

@article{Mun:2007,
	Author = munroe,
	chap   = {7},
	Journal = {XKCD 326},
	Title = {Effect an Effect},
	Url = {http://xkcd.com/326/},
	Year = 2007,
	Bdsk-Url-1 = {http://xkcd.com/326/}}

@misc{TNJ:2007,
	Author = thomson #{ and }# narten #{ and }# jinmei,
	chap   = {7},
	Howpublished = {RFC 4862 (Draft Standard)},
	Number = 4862,
	Publisher = {Internet Engineering Task Force},
	Series = {Request for Comments},
	Title = {IPv6 Stateless Address Autoconfiguration},
	Year = 2007}

@inproceedings{Sch:2007,
	Author = schewe,
	chap   = {7},
	Booktitle = fsttcs # {07},
	Pages = {449--460},
	Publisher = springer,
	Series = lncs,
	Title = {Solving Parity Games in Big Steps},
	Volume = 4855,
	Year = 2007}

@inproceedings{AHMS:2008,
	Author = andersson #{ and }# hansen #{ and }# miltersen #{ and }# sorensen,
	chap   = {7},
	Booktitle = cie # {08},
	Pages = {1--10},
	Publisher = springer,
	Series = lncs,
	Title = {Deterministic Graphical Games Revisited},
	Volume = 5028,
	Year = 2008}

@inproceedings{BBBM:2008,
	Author = bertrand #{ and }# bouyer #{ and }# brihaye #{ and }# markey,
	chap   = {7},
	Booktitle = qest # {08},
	Pages = {55--64},
	Publisher = ieee,
	Title = {Quantitative Model-Checking of One-Clock Timed Automata under Probabilistic Semantics},
	Year = 2008}

@inproceedings{BBG:2008,
	Author = baier #{ and }# bertrand #{ and }# groesser,
	chap   = {7},
	Booktitle = fossacs # {08},
	Pages = {287--301},
	Publisher = springer,
	Series = lncs,
	Title = {On Decision Problems for Probabilistic B{\"u}chi Automata},
	Volume = 4972,
	Year = 2008}

@inproceedings{BBJLR:2008,
	Author = bouyer #{ and }# brihaye #{ and }# jurdzinski #{ and }# lazic #{ and }# rutkowski,
	chap   = {7},
	Booktitle = formats # {08},
	Pages = {63--77},
	Publisher = springer,
	Series = lncs,
	Title = {Average-Price and Reachability-Price Games on Hybrid Automata with Strong Resets},
	Volume = 5215,
	Year = 2008}

@inproceedings{CH:2008,
	Author = cristau #{ and }# horn,
	chap   = {7},
	Booktitle = sofsem # {08},
	Pages = {211 -- 221},
	Publisher = springer,
	Series = lncs,
	Title = {On Reachability Games of Ordinal Length},
	Volume = 4910,
	Year = 2008}

@inproceedings{CH:2008,
	Author = cristau #{ and }# horn,
	chap   = {7},
	Booktitle = fsttcs # {08},
	Pages = {143--154},
	Publisher = dagstuhl,
	Series = lipics,
	Title = {Graph Games on Ordinals},
	Volume = 2,
	Year = 2008}

@techreport{CHH:2008,
	Author = chatterjee #{ and }# henzinger #{ and }# horn,
	chap   = {7},
	Institution = liafa,
	Number = {2008--002},
	Title = {Stochastic Finitary Games},
	Year = 2008}

@inproceedings{CHMOS:2008,
	Author = carayol #{ and }# hague #{ and }# meyer #{ and }# ong #{ and }# serre,
	chap   = {7},
	Booktitle = lics # {08},
	Pages = {193--204},
	Publisher = ieee,
	Title = {Winning Regions of Higher-Order Pushdown Games},
	Year = 2008}

@inproceedings{CL:2008,
	Author = colcombet #{ and }# loding,
	chap   = {7},
	Booktitle = csl # {08},
	Pages = {416--430},
	Publisher = springer,
	Series = lncs,
	Title = {The Nesting-Depth of Disjunctive $\mu$-calculus for Tree Languages and the Limitedness Problem},
	Volume = {5213},
	Year = 2008}

@inproceedings{Cla:2008,
	Author = clarke,
	chap   = {7},
	Booktitle = {25 Years of Model Checking},
	Pages = {1--26},
	Publisher = springer,
	Series = lncs,
	Title = {The Birth of Model Checking},
	Volume = 5000,
	Year = 2008}

@article{DHR:2008,
	Author = doyen #{ and }# henzinger #{ and }# raskin,
	chap   = {7},
	Journal = ijfcs,
	Number = 3,
	Pages = {549--563},
	Title = {Equivalence of Labeled Markov Chains},
	Volume = 19,
	Year = 2008}

@inproceedings{FGK:2008,
	Author = fischer #{ and }# gradel #{ and }# kaiser,
	chap   = {7},
	Booktitle = stacs # {08},
	Pages = {301--312},
	Publisher = dagstuhl,
	Series = lipics,
	Title = {Model Checking Games for the Quantitative $\mu$-calculus},
	Volume = 1,
	Year = 2008}

@inproceedings{GH:2008,
	Author = gimbert #{ and }# horn,
	chap   = {7},
	Booktitle = fossacs # {08},
	Pages = {5 -- 19},
	Publisher = springer,
	Series = lncs,
	Title = {Simple Stochastic Games with Few Random Vertices are Easy to Solve},
	Volume = 4962,
	Year = 2008}

@inproceedings{GU:2008,
	Author = gradel #{ and }# ummels,
	chap   = {7},
	Booktitle = {New Perspectives on Games and Interaction},
	Publisher = aup,
	Series = tlg,
	Title = {Solution Concepts and Algorithms for Infinite Multiplayer Games},
	Volume = 5,
	Year = 2008}

@inproceedings{HMOS:2008,
	Author = hague #{ and }# murawski #{ and }# ong #{ and }# serre,
	chap   = {7},
	Booktitle = lics # {08},
	Pages = {452--461},
	Publisher = ieee,
	Title = {Collapsible Pushdown Automata and Recursion Schemes},
	Year = 2008}

@inproceedings{Hor:2008,
	Author = horn,
	chap   = {7},
	Booktitle = fsttcs # {08},
	Pages = {235--243},
	Publisher = dagstuhl,
	Series = lipics,
	Title = {Explicit Muller Games are PTIME},
	Volume = 2,
	Year = 2008}

@phdthesis{Hor:2008,
	Author = horn,
	chap   = {7},
	School = {Universit{{\'e}} Paris 7 and RWTH Aachen},
	Title = {Random Games},
	Year = 2008}

@inproceedings{HTW:2008,
	Author = horn #{ and }# thomas #{ and }# wallmeier,
	chap   = {7},
	Booktitle = atva # {08},
	Pages = {361--373},
	Publisher = springer,
	Series = lncs,
	Title = {Optimal Strategy Synthesis in Request-Response Games},
	Volume = 5311,
	Year = 2008}

@phdthesis{Mor:2008,
	Author = moro,
	chap   = {7},
	School = paris7,
	Title = {Techniques de v{\'e}rification bas{\'e}es sur des repr{\'e}sentations symboliques par automates et l'abstraction guid{\'e}e par les contre-exemples},
	Year = 2008}

@inproceedings{RS:2008,
	Author = rabinovich #{ and }# shomrat,
	chap   = {7},
	Booktitle = {Pillars of Computer Science, Essays Dedicated to Boris (Boaz) Trakhtenbrot on the Occasion of his 85th Birthday},
	Pages = {571--588},
	Publisher = springer,
	Series = lncs,
	Title = {Selection and Uniformization Problems in the Monadic Theory of Ordinals: A Survey},
	Volume = 4800,
	Year = 2008}

@inproceedings{Umm:2008,
	Author = {M. Ummels},
	chap   = {7},
	Booktitle = fossacs # {08},
	Pages = {20 -- 34},
	Publisher = springer,
	Series = lncs,
	Title = {The Complexity of Nash Equilibria in Infinite Multiplayer Games},
	Volume = 4962,
	Year = 2008}

@inproceedings{BGG:2009,
	Author = bertrand #{ and }# genest #{ and }# gimbert,
	chap   = {7},
	Booktitle = lics # {09},
	Pages = {319--328},
	Publisher = ieee,
	Title = {Qualitative Determinacy and Decidability of Stochastic Games with Signals},
	Year = 2009}

@unpublished{CHH:2009,
	Author = chatterjee #{ and }# henzinger #{ and }# horn,
	chap   = {7},
	Note = tai # { } # tocl,
	Title = {Finitary Winning in $\omega$-regular Games},
	Year = 2009}

@inproceedings{GS:2009,
	Author = gripon #{ and }# serre,
	chap   = {7},
	Booktitle = icalp # {09},
	Number = 2,
	Pages = {200--211},
	Publisher = springer,
	Series = lncs,
	Title = {Qualitative Concurrent Games with Imperfect Information},
	Volume = 5556,
	Year = 2009}

@article{GH:2009,
	Author = gimbert #{ and }# horn,
	chap   = {7},
	Journal = lmcs,
	Number = 2,
	Pages = {9th},
	Publisher = ifcl,
	Title = {Solving Simple Stochastic Games with Few Random Vertices},
	Volume = 5,
	Year = 2009}

@techreport{GO:2009,
	Author = gimbert #{ and }# oualhadj,
	chap   = {7},
	Institution = labri,
	Number = {hal-00422888},
	Title = {Automates Probabilistes : Probl\`emes D{\'e}cidables et Ind{\'e}cidables},
	Year = 2009}

@inproceedings{Hor:2009,
	Author = horn,
	chap   = {7},
	Booktitle = stacs # {09},
	Pages = {541--552},
	Publisher = dagstuhl,
	Series = lipics,
	Title = {Random Fruits on the Zielonka Tree},
	Volume = 3,
	Year = 2009}

@inproceedings{Hansen&Koucky&Miltersen:2009,
	author=hansen  #{ and }# koucky  #{ and }#  miltersen,
	chap  = {7},
	booktitle=lics # {09},
	title={Winning Concurrent Reachability Games Requires Doubly-Exponential Patience},
	year={2009},
	pages={332-341}
}


@inproceedings{Jurdzinski&Lazic:2017,
	Author = jurdzinski #{ and }# lazic,
	chap   = {7},
	Booktitle = lics # {17},
	Doi = {10.1109/LICS.2017.8005092},
	Pages = {1--9},
	Title = {Succinct Progress Measures for Solving Parity Games},
	Url = {https://doi.org/10.1109/LICS.2017.8005092},
	Year = {2017},
	Bdsk-Url-1 = {https://doi.org/10.1109/LICS.2017.8005092}}

@inproceedings{Calude&Jain&Khoussainov&Li&Stephan:2017,
	Author = calude #{ and }# jain #{ and }# khoussainov #{ and }# li #{ and }# stephan,
	chap   = {7},
	Booktitle = stoc # {17},
	Doi = {10.1145/3055399.3055409},
	Pages = {252--263},
	Title = {Deciding Parity Games in Quasipolynomial Time},
	Url = {http://doi.acm.org/10.1145/3055399.3055409},
	Year = {2017},
	Bdsk-Url-1 = {http://doi.acm.org/10.1145/3055399.3055409},
	Bdsk-Url-2 = {https://doi.org/10.1145/3055399.3055409}}

@Book{Rosenthal:2006,
	title     = {{A First Look at Rigorous Probability Theory}},
	publisher = wsp,
	year      = {2006},
	author    = rosenthal,
	chap      = {7},
	edition   = {2nd},
}

@book{Ash&Doleans-Dade:2000,
	title={Probability and Measure Theory},
	author= ash #{ and }# doleans-dade,
	chap  = {7},
	isbn={9780120652020},
	lccn={99065669},
	year={2000},
	publisher=ap
}
@phdthesis{IbsenJensen:2012,
	author = ibsenjensen,
	chap   = {7},
	title	=	{Strategy complexity of two-player, zero-sum games},
	school = {Aarhus University},
	year   = {2012},
	type   = {Ph.D. thesis}}
}

@PhdThesis{Novotny:2015,
	author = novotny,
	chap   = {7},
	title  = {{Controller Synthesis
	for Resource-Aware Systems}},
	school = {Masaryk University},
	year   = {2015},
	type   = {Ph.D. thesis}},
	url = {https://is.muni.cz/th/m4fqz/Controller_Synthesis_for_Resource-Aware_Systems.pdf?lang=en}
}

@article{Savitch:1970,
	author = savitch,
	chap   = {7},
	doi = "10.1016/S0022-0000(70)80006-X",
	issn = "0022-0000",
	journal = jcss,
	number = "2",
	pages = "177--192",
	title = "{Relationships between Nondeterministic and Deterministic Tape Complexities}",
	volume = "4",
	year = "1970"
}

@inproceedings{Chatterjee&Doyen&Henzinger:2010,
	author = chatterjee #{ and }# doyen #{ and }# henzinger,
	chap   = {7},
	booktitle = mfcs # {10},
	isbn = "978-3-642-15155-2",
	pages = "258--269",
	publisher = springer,
	title = "{Qualitative Analysis of Partially-Observable Markov Decision Processes}",
	year = "2010"
}

@article{Ladner:1975,
	author 		= ladner,
	chap 		  = {7},
	title 		= {The Circuit Value Problem is Log Space Complete for {\P}},
	journal 	= {SIGACT News},
	volume 		= {7},
	number 		= {1},
	month 		= jan,
	year 		= {1975},
	issn 		= {0163-5700},
	pages 		= {18--20},
	numpages 	= {3},
	url 		= {http://doi.acm.org/10.1145/990518.990519},
	doi 		= {10.1145/990518.990519},
	acmid 		= {990519},
	publisher 	= {ACM},
} 

@article{Smith&Price:1973,
  author	= {Smith, J Maynard and Price, George R},
  chap	  = {7},
  title		= {The logic of animal conflict},
  journal	= {Nature},
  volume	= {246},
  number	= {5427},
  pages		= {15},
  year		= {1973},
  publisher	= {Nature Publishing Group}
}

@article{Nash:1950,
  title		= {Equilibrium points in n-person games},
  author	= nash,
  chap	  = {7},
  journal	= {Proceedings of the national academy of sciences},
  volume	= {36},
  number	= {1},
  pages		= {48--49},
  year		= {1950},
}

@inproceedings{MacKenzie&Wicker:2003,
  author	= macKenzie #{ and }# wicker,
  chap	  = {7},
  title		= {Stability of multipacket slotted aloha with selfish users and perfect information},
  booktitle	= {INFOCOM 2003. Twenty-Second Annual Joint Conference of the IEEE Computer and Communications. IEEE Societies},
  volume	= {3},
  pages		= {1583--1590},
  year		= {2003},
  organization	= {IEEE}
}

@inproceedings{Bouyer&Markey&Stan:2014,
  author 	= bouyer #{ and }# markey #{ and }# stan,
  chap 	  = {7},
  title 	= {Mixed Nash Equilibria in Concurrent Terminal-Reward Games},
  booktitle 	= fsttcs,
  year		= {2014},
  doi 		= {10.4230/LIPIcs.FSTTCS.2014.351},
}


@book{FilVri96,
	Author = {Filar, Jerzy and Vrieze, Koos},
	chap   = {7},
	Publisher = {Springer},
	Title = {Competitive {M}arkov Decision Processes},
	Year = {1996}}

@inproceedings{Busatto&Monmege&Reynier:2017,
	Author = busatto #{ and }# monmege #{ and }# reynier,
	chap   = {7},
	Booktitle = fossacs,
	Pages = {162--178},
	Publisher = {Springer},
	Series = {LNCS},
	Title = {Optimal Reachability in Divergent Weighted Timed Games},
	Volume = {10203},
	Year = {2017}}

@book{Minsky:1967,
        author = minsky,
        chap   = {7},
        title  = {Computation: finite and infinite machines},
        year   = 1967,
        publisher= prh,
}

@InProceedings{Hunter:2015,
        author = hunter,
        chap   = {7},
        title  = {Reachability in Succinct One-Counter Games},
        booktitle= rp # {15},
        year   = 2015,
        publisher= springer,
        pages  = {37--49},
        isbn   = {978-3-319-24537-9},
        doi    = {10.1007/978-3-319-24537-9_5},
        volume = 9328,
        series = lncs,
}

@article{Jurdzinski&Laroussinie&Sproston:2008,
  title        = {Model Checking Probabilistic Timed Automata with One
                  or Two Clocks},
  author       = jurdzinski #{ and }# laroussinie #{ and }# sproston,
  chap         = {7},
  journal      = lmcs,
  volume       = 4,
  number       = 3,
  articleno    = 12,
  numpages     = 38,
  pages        = {12:1--12:38},
  year         = 2008,
  doi          = {10.2168/LMCS-4(3:12)2008},
}

@InProceedings{Jancar&Osicka&Sawa:2018,
        author = jancar #{ and }# osicka #{ and }# sawa,
        chap   = {7},
        title  = {{\EXPSPACE}-complete Variant of Countdown Games, and
                  Simulation on Succinct One-Counter Nets},
        booktitle= rp # {18},
        year   = 2018,
        publisher= springer,
        pages  = {59--74},
        doi    = {10.1007/978-3-030-00250-3_5},
        volume = 11123,
        series = lncs,
}


@inproceedings{Colcombet&Jurdzinski&Lazic&Schmitz:2017,
  author       = colcombet #{ and }# jurdzinski #{ and }# lazic #{ and }# schmitz,
  chap         = {7},
  title        = {Perfect Half-Space Games},
  booktitle    = lics # {17},
  year         = 2017,
  publisher    = ieee,
  doi          = {10.1109/LICS.2017.8005105},
}

@techReport{Lipton:1976,
  author       = lipton,
  chap         = {7},
  title        = {The reachability problem requires exponential space},
  institution  = {Yale University},
  number       = 62,
  year         = 1976,
}

@article{Rackoff:1978,
  author       = rackoff,
  chap         = {7},
  title        = {The covering and boundedness problems for vector
                  addition systems},
  journal      = tcs,
  volume       = 6,
  number       = 2,
  year         = 1978,
  pages        = {223--231},
  doi          = {10.1016/0304-3975(78)90036-1},
}

@article{Kanovich:1995,
  author       = kanovich,
  chap         = {7},
  title        = {{P}etri nets, {H}orn programs, Linear Logic and
                  vector games},
  journal      = apal,
  volume       = 75,
  number       = {1--2},
  pages        = {107--135},
  year         = 1995,
  doi          = {10.1016/0168-0072(94)00060-G},
}


@inproceedings{Raskin&Samuelides&VanBegin:2005,
  author       = raskin #{ and }# samuelides #{ and }# vanbegin,
  chap         = {7},
  title        = {Games for Counting Abstractions},
  booktitle    = avocs # {04},
  series       = entcs,
  volume       = 128,
  year         = 2005,
  pages        = {69--85},
  doi          = {10.1016/j.entcs.2005.04.005},
  publisher    = elsevier,
}

@inproceedings{Brazdil&Jancar&Kucera:2010,
  author       = brazdil #{ and }# jancar #{ and }# kucera,
  chap         = {7},
  title        = {Reachability Games on Extended Vector Addition
                  Systems with States},
  booktitle    = icalp # {10},
  OPTeditor       = {Abramsky, Samson #{ and }# Gavoille, Cyril #{ and }# Kirchner,
                  Claude #{ and }# Meyer auf der Heide, Friedhelm and
                  Spirakis, Paul G.},
  series       = lncs,
  volume       = 6199,
  pages        = {478--489},
  year         = 2010,
  doi          = {10.1007/978-3-642-14162-1_40},
  publisher    = springer,
}

@inproceedings{HKLMT:2011,
 	author = hansen #{ and }# koucky #{ and }# lauritzen #{ and }# miltersen #{ and }# tsigaridas,
 	chap   = {7},
  	title = {Exact Algorithms for Solving Stochastic Games: Extended Abstract},
 	booktitle = stoc # {11},
 	year = {2011},
 	pages = {205--214}
 } 
 

@article{Velner&al:2015,
  author       = velner #{ and }# chatterjee #{ and }# doyen # {
                and  } # henzinger #{ and }# rabinovich #{ and }#
                  raskin,
  title        = {The complexity of multi-mean-payoff and multi-energy
                  games},
  journal      = ic,
  volume       = 241,
  pages        = {177--196},
  year         = 2015,
  doi          = {10.1016/j.ic.2015.03.001},
}
@InProceedings{HIK:2016,
	author=hansen #{ and }# ibsenjensen  #{ and }# koucky,
	chap  = {7},
	title={The Big Match in Small Space},
	booktitle={Algorithmic Game Theory},
	year={2016},
	pages={64--76}
}

@inproceedings{HIN:2018,
 	author=hansen #{ and }# ibsenjensen  #{ and }# neyman,
 	chap  = {7},
 	title = {The Big Match with a Clock and a Bit of Memory},
 	booktitle = ec # {18},
 	year = {2018},
 	pages = {149--150}
 } 

@article{Chatterjee&Randour&Raskin:2014,
  author       = chatterjee #{ and }# randour #{ and }# raskin,
  chap         = {7},
  title        = {Strategy Synthesis for Multi-Dimensional
                  Quantitative Objectives},
  journal      = acta,
  year         = 2014,
  volume       = 51,
  number       = {3--4}, 
  pages        = {129--163},
  doi          = {10.1007/s00236-013-0182-6},
}

@inproceedings{Abdulla&al:2013,
  author       = abdulla #{ and }# mayrr #{ and }# sangnier # {
                  #{ and }# } # sproston,
  title        = {Solving Parity Games on Integer Vectors}, 
  booktitle    = concur # {13},
  OPTeditor       = {Pedro R. D'Argenio and Hern\'an Melgratti},
  location     = {Buenos Aires, Argentina},
  series       = lncs,
  volume       = 8052,
  pages        = {106--120},
  year         = 2013,
  doi          = {10.1007/978-3-642-40184-8_9},
  arxiv        = {1306.2806},
  publisher    = springer,
}

@article{Chaloupka:2013,
  title        = {{Z}-reachability Problem for Games on 2-dimensional
                  Vector Addition Systems with States is in {\P}},
  author       = chaloupka,
  chap         = {7},
  journal      = fundinf,
  volume       = 123, 
  number       = 1,
  year         = 2013,
  pages        = {15--42},
  doi          = {10.3233/FI-2013-798},
}

@inproceedings{Courtois&Schmitz:2014,
  author    = courtois #{ and }# schmitz,
  chap      = {7},
  title     = {Alternating Vector Addition Systems with States},
  booktitle = mfcs # {14},
  location  = {Budapest, Hungary},
  year      = 2014,
  pages     = {220--231},
  doi       = {10.1007/978-3-662-44522-8_19},
  OPTeditor    = {Erzs{\'{e}}bet Csuhaj{-}Varj{\'{u}} and
               Martin Dietzfelbinger and
               Zolt{\'{a}}n {\'{E}}sik},
  series    = lncs,
  volume    = 8634,
  publisher = springer,
}

@article{HIPT:2013,
author = hansen  #{ and }# ibsenjensen  #{ and }# podolskii  #{ and }# tsigaridas,
chap   = {7},
title = {Patience of matrix games},
journal = discrete_applied_maths,
pages = {2440 - 2459},
year = {2013}
}

@inproceedings{Jurdzinski&Lazic&Schmitz:2015,
  author    = jurdzinski #{ and }# lazic #{ and }# schmitz,
  chap      = {7},
  title     = {Fixed-Dimensional Energy Games are in Pseudo-Polynomial Time},
  booktitle = icalp # {15},
  pages     = {260--272},
  year      = {2015},
  doi       = {10.1007/978-3-662-47666-6_21},
  OPTeditor = {Magn{\'{u}}s M. Halld{\'{o}}rsson and
               Kazuo Iwama and
               Naoki Kobayashi and
               Bettina Speckmann},
  series    = lncs,
  volume    = 9135,
  publisher = springer,
}

@inbook{CI:2015,
author = chatterjee  #{ and }# ibsenjensen,
chap   = {7},
title = {The Value 1 Problem Under Finite-memory Strategies for Concurrent Mean-payoff Games},
booktitle =soda # {15},
pages = {1018-1029}
}


@inproceedings{Jancar:2015,
  author    = jancar,
  chap      = {7},
  title     = {On Reachability-Related Games on Vector Addition
                  Systems with States},
  booktitle = rp # {15},
  pages     = {50--62},
  year      = {2015},
  doi       = {10.1007/978-3-319-24537-9_6},
  publisher = springer,
  OPTeditor    = {Mikolaj Bojanczyk and
               Slawomir Lasota and
               Igor Potapov},
  series    = lncs,
  volume    = 9328,
}
@InProceedings{HIC:2017,
 	 author =	chatterjee  #{ and }#  hansen  #{ and }# ibsenjensen,
 	 chap   = {7},
 	 title =	{Strategy Complexity of Concurrent Safety Games},
	  booktitle =	mfcs #{17},
	  pages =	{55:1--55:13},
	  year =	{2017}
}



@inproceedings{Alechina&al:2016,
  location     = {Aalborg, Denmark},
  author       = alechina #{ and }# bulling #{ and }# demri #{ and }# logan,
  chap         = {7},
  booktitle    = rp # {16},
  doi          = {10.1007/978-3-319-45994-3_3},
  OPTeditor    = {Larsen, Kim G. and Srba, Ji{\v{r}}{\'\i}},
  pages        = {36--50},
  publisher    = springer,
  series       = lncs,
  title        = {On the Complexity of Resource-Bounded Logics},
  volume       = 9899,
  year         = 2016,
}

@article{Alechina&al:2018,
  author       = alechina #{ and }# bulling #{ and }# demri #{ and }# logan,
  chap         = {7},
  title        = {On the complexity of resource-bounded logics},
  journal      = tcs,
  volume       = 750,
  year         = 2018,
  pages        = {69--100},
  doi          = {10.1016/j.tcs.2018.01.019},
}

@inproceedings{Esparza:1996,
  author       = esparza,
  chap         = {7},
  title        = {Decidability and complexity of {P}etri net problems ---
                  an introduction},
  booktitle    = {Lectures on Petri Nets {I:} Basic Models},
  pages        = {374--428},
  year         = 1998,
  doi          = {10.1007/3-540-65306-6_20},
  OPTeditor       = {Wolfgang Reisig and Grzegorz Rozenberg},
  series       = lncs,
  volume       = 1491,
  publisher    = springer,
}

@inProceedings{Mayr:1981,
  author       = mayr,
  chap         = {7},
  title        = {An algorithm for the general {P}etri net
                  reachability problem},
  booktitle    = stoc # {81},
  year         = 1981,
  pages        = {238--246},
  location     = {Milwaukee, Wisconsin, USA},
  doi          = {10.1145/800076.802477},
  publisher    = acm,
}

@inProceedings{Kosaraju:1982,
  author       = kosaraju,
  chap         = {7},
  title        = {Decidability of reachability in vector addition systems},
  booktitle    = stoc # {82},
  year         = 1982,
  pages        = {267--281},
  location     = {San Francisco, California, USA},
  doi          = {10.1145/800070.802201},
  publisher    = acm,
}

@Article{Lambert:1992,
  author       = lambert,
  chap         = {7},
  title        = {A structure to decide reachability in {P}etri nets},
  journal      = tcs,
  volume       = 99,
  number       = 1,
  year         = 1992,
  pages        = {79--104},
  doi          = {10.1016/0304-3975(92)90173-D},
}

@InProceedings{Leroux:2011,
  author       = leroux,
  chap         = {7},
  title        = {Vector addition system reachability problem: a short
                  self-contained proof},
  booktitle    = popl # {11},
  year         = 2011,
  location     = {Austin, TX, USA},
  pages        = {307--316},
  doi          = {10.1145/1926385.1926421},
  publisher    = acm,
}

@phdthesis{Petri:1962,
  author       = petri,
  chap         = {7},
  title        = {Kommunikation mit Automaten},
  school       = {Universit\"at Bonn},
  year         = 1962,
  urn          = {urn:nbn:de:gbv:18-228-7-1602},
  url          = {http://edoc.sub.uni-hamburg.de/informatik/volltexte/2011/160/},
}

@article{Greibach:1978,
  author       = greibach,
  chap         = {7},
  title        = {Remarks on blind and partially blind one-way
                  multicounter machines},
  journal      = tcs,
  volume       = 7,
  number       = 3,
  pages        = {311--324},
  year         = 1978,
  doi          = {10.1016/0304-3975(78)90020-8},
}

@article{Hopcroft&Pansiot:1979,
  author       = hopcroft #{ and }# pansiot,
  chap         = {7},
  title        = {On the reachability problem for 5-dimensional vector
                  addition systems},
  journal      = tcs,
  volume       = 8,
  year         = 1979,
  pages        = {135--159},
  doi          = {10.1016/0304-3975(79)90041-0},
}

@inproceedings{Niskanen&Potapov&Reichert:2016,
  title        = {Undecidability of Two-dimensional Robot Games},
  author       = niskanen #{ and }# potapov #{ and }# reichert,  
  booktitle    = mfcs # {16},
  pages =	{73:1--73:13},
  series =	lipics,
  year =	{2016},
  volume =	{58},
  OPTeditor =	{Piotr Faliszewski and Anca Muscholl and Rolf Niedermeier},
  publisher =	dagstuhl,
  doi =		{10.4230/LIPIcs.MFCS.2016.73},
  }
  
@inproceedings{Brenguier:2016,
  author	= brenguier,
  chap	  = {7},
  title		= {Robust equilibria in mean-payoff games},
  booktitle	= fossacs,
  pages		= {217--233},
  year		= {2016},
  organization	= {Springer}
}
@phdthesis{Brenguier:2012,
  TITLE = {{Nash equilibria in concurrent games : application to timed games}},
  AUTHOR = brenguier,
  URL = {https://tel.archives-ouvertes.fr/tel-00827027},
  NUMBER = {2012DENS0069},
  SCHOOL = {{{\'E}cole normale sup{\'e}rieure de Cachan - ENS Cachan}},
  YEAR = {2012},
  MONTH = Nov,
  KEYWORDS = {Concurrency ; Synth{\`e}se de controleurs ; Syst{\`e}mes de transitions temporis{\'e}s},
  TYPE = {Theses},
  PDF = {https://tel.archives-ouvertes.fr/tel-00827027/file/Brenguier2012.pdf},
  HAL_ID = {tel-00827027},
  HAL_VERSION = {v1},
}

@inproceedings{Bouyer&Brenguier&Markey&Ummels:2011,
  author =	{Patricia Bouyer and Romain Brenguier and Nicolas Markey and Michael Ummels},
  chap   = {7},
  title =	{{Nash Equilibria in Concurrent Games with B{\"u}chi Objectives}},
  booktitle =	{IARCS Annual Conference on Foundations of Software Technology and Theoretical Computer Science (FSTTCS 2011)},
  pages =	{375--386},
  series =	{Leibniz International Proceedings in Informatics (LIPIcs)},
  ISBN =	{978-3-939897-34-7},
  ISSN =	{1868-8969},
  year =	{2011},
  volume =	{13},
  editor =	{Supratik Chakraborty and Amit Kumar},
  publisher =	{Schloss Dagstuhl--Leibniz-Zentrum fuer Informatik},
  address =	{Dagstuhl, Germany},
  URL =		{http://drops.dagstuhl.de/opus/volltexte/2011/3334},
  URN =		{urn:nbn:de:0030-drops-33340},
  doi =		{10.4230/LIPIcs.FSTTCS.2011.375},
  annote =	{Keywords: Concurrent games, Nash equilibria, B{\"u}chi Objectives}
}Brenguier Pareto

@inproceedings{Berwanger:2007,
  	address =	{Aachen, Germany},
  	author =	{Berwanger, Dietmar},
  	chap   = {7},
  	booktitle =	{{P}roceedings of the 24th {A}nnual {S}ymposium on {T}heoretical {A}spects of {C}omputer {S}cience ({STACS}'07)},
  	DOI =	{10.1007/978-3-540-70918-3_17},
  	editor =	{Thomas, Wolfgang and Weil, Pascal},
  	month =	feb,
  	pages =	{188-199},
  	publisher =	{Springer},
  	series =	{Lecture Notes in Computer Science},
  	title =	{Admissibility in infinite games},
  	url =	{http://www.lsv.ens-cachan.fr/Publis/PAPERS/PDF/Ber-stacs07.pdf},
  	volume =	{4393},
  	year =	{2007},
}
@inproceedings{Brenguier&Raskin&Sassolas:2014,
 author =    brenguier # { and } # raskin # { and } # sassolas,
 chap   = {7},
 title =     {The Complexity of Admissibility in Omega-regular Games},
 booktitle = csl-lics#{14},
 year = {2014},
 location = {Vienna, Austria},
 pages = {23:1--23:10},
 publisher = {ACM},
 doi = {10.1145/2603088.2603143},
 NOacmid = {2603143},
 NOaddress = {New York, NY, USA},
 NOkeywords = {LTL, Muller games, admissible strategies, games, safety, synthesis},
 NOseries = {CSL-LICS '14},
 NOarticleno = {23},
 NOnumpages = {10},
 NOurl = {http://doi.acm.org/10.1145/2603088.2603143},
 NOisbn = {978-1-4503-2886-9},
 PREVbooktitle = {Proceedings of the Joint Meeting of the Twenty-Third EACSL Annual Conference on Computer Science Logic (CSL) and the Twenty-Ninth Annual ACM/IEEE Symposium on Logic in Computer Science (LICS)},
} 



@article{Daskalakis&Goldberg&Papadimitriou:2009,
  author	= daskalakis #{ and }# goldberg #{ and }# papadimitriou,
  chap	  = {7},
  title		= {The complexity of computing a {N}ash equilibrium},
  journal	= {SIAM Journal on Computing},
  volume	= {39},
  number	= {1},
  pages		= {195--259},
  year		= {2009},
  publisher	= {SIAM}
}

@article{LeRoux&Pauly:2018,
  author	= lerouxS #{ and }# pauly,
  chap	  = {7},
  title		= {Extending finite-memory determinacy to multi-player games},
  journal	= ic,
  year		= {2018},
  publisher	= {Elsevier}
}

@inproceedings{Brihaye&Bruyere&DePril&Gimbert:2012,
  author	= brihaye #{ and }# bruyere #{ and }# depril #{ and }# gimbert,
  chap	  = {7},
  title		= {Subgame perfection for equilibria in quantitative reachability games},
  booktitle	= fossacs,
  pages		= {286--300},
  year		= {2012},
  organization	= {Springer}
}

@inproceedings{Pnueli&Rosner:1990,
  author	= pnueli #{ and }# rosner,
  chap	  = {7},
  title		= {Distributed reactive systems are hard to synthesize},
  booktitle	= focs # {31},
  pages		= {746--757},
  year		= {1990},
  organization	= {IEEE}
}

@article{Lincoln&Mitchell&Scedrov&Shankar:1992,
  author       = lincoln #{ and }# mitchell #{ and }# scedrov #{ and }# shankar,
  chap         = {7},
  title        = {Decision problems for propositional linear logic},
  journal      = apal,
  volume       = 56,
  number       = {1--3},
  pages        = {239--311},
  year         = 1992,
  doi          = {10.1016/0168-0072(92)90075-B},
}

@inproceedings{Abdulla&Bouajjani&dOrso:2003,
  author       = abdulla #{ and }# bouajjani #{ and }# dorso,
  chap         = {7},
  title        = {Deciding Monotonic Games},
  booktitle    = csl #{03},
  year         = 2003,
  publisher    = springer,
  pages        = {1--14},
  series       = lncs,
  volume       = 2803,
  doi          = {10.1007/978-3-540-45220-1_1},
}

@article{Kiefer:2013,
  author       = kiefer,
  chap         = {7},
  title        = {{BPA} bisimilarity is {{\ComplexityFont{{EXPTIME}}}}-hard},
  journal      = ipl,
  volume       = 113,
  number       = 4,
  year         = 2013,
  pages        = {101--106},
  doi          = {10.1016/j.ipl.2012.12.004},
}

@inproceedings{Habermehl:1997,
  author       = habermehl,
  chap         = {7},
  title        = {On the complexity of the linear-time $\mu$-calculus
                  for {P}etri Nets},
  booktitle    = petrinets #{97},
  OPTeditor    = {Az\'ema, Pierre and Balbo, Gianfranco},
  series       = lncs,
  volume       = 1248,
  pages        = {102--116},
  year         = 1997,
  doi          = {10.1007/3-540-63139-9_32},
  publisher    = springer,
}

@inproceedings{Kosaraju&Sullivan:1988,
  author       = kosaraju #{ and }# sullivan,
  chap         = {7},
  title        = {Detecting cycles in dynamic graphs in polynomial time},
  booktitle    = stoc #{88},
  year         = 1988,
  pages        = {398--406},
  doi          = {10.1145/62212.62251},
  publisher    = acm,
}

@inproceedings{Cohen&Megiddo:1989,
  author       = cohen #{ and }# megiddo,
  chap         = {7},
  title        = {Strongly Polynomial-time and {\NC} Algorithms for
                  Detecting Cycles in Dynamic Graphs},
  booktitle    = stoc #{89},
  year         = 1989,
  pages        = {523--534},
  doi          = {10.1145/73007.73057},
  publisher    = acm,
}

@article{Urquhart:1999,
  author       = urquhart,
  chap         = {7},
  title        = {The Complexity of Decision Procedures In Relevance
                  Logic {II}},
  journal      = jsl,
  year         = 1999,
  volume       = 64,
  number       = 4,
  pages        = {1774--1802},
  doi          = {10.2307/2586811},
}

@article{Kanovich:2016,
  author       = kanovich,
  chap         = {7},
  title        = {The undecidability theorem for the {H}orn-like
                  fragment of linear logic (Revisited)},
  journal      = mscs,
  volume       = 26,
  number       = 5,
  pages        = {719--744},
  year         = 2016,
  doi          = {10.1017/S0960129516000049},
}

@article{Brotherston&Kanovich:2014,
  author       = brotherston #{ and }# kanovich,
  chap         = {7},
  title        = {Undecidability of Propositional Separation Logic and
                  Its Neighbours},
  journal      = jacm,
  volume       = 61,
  number       = 2,
  pages        = {14:1--14:43},
  year         = 2014,
  articleno    = 14,
  numpages     = 43,
  doi          = {10.1145/2542667},
}

@article{Larchey&Galmiche:2013,
  author       = larchey #{ and }# galmiche,
  chap         = {7},
  title        = {Nondeterministic Phase Semantics and the
                  Undecidability of {B}oolean {BI}},
  journal      = tocl,
  volume       = 14,
  number       = 1,
  year         = 2013,
  pages        = {6:1--6:41},
  articleno    = {6},
  numpages     = {41},
  doi          = {10.1145/2422085.2422091},
}

@misc{Mazowiecki&Perez:2017,
  author       = mazowiecki #{ and }# perez,
  chap         = {7},
  note         = perso,
  year         = 2017,
}

@inproceedings{Chatterjee&Doyen&Henzinger&Raskin:2010,
  author =	chatterjee #{ and }# doyen #{ and }# henzinger #{ and
                  }# raskin,
  title =	{Generalized Mean-payoff and Energy Games},
  booktitle =	fsttcs #{10},
  pages =	{505--516},
  series =	lipics,
  year =	{2010},
  volume =	8,
  OPTeditor =	{Kamal Lodaya and Meena Mahajan},
  publisher =	dagstuhl,
  doi =		{10.4230/LIPIcs.FSTTCS.2010.505},
}

@article{Chatterjee&Doyen:2012,
  author      = chatterjee #{ and }# doyen,
  chap        = {7},
  title       = {Energy parity games},
  journal     = tcs,
  volume      = 458,
  year        = 2012,
  pages       = {49--60},
  doi         = {10.1016/j.tcs.2012.07.038},
}

@inproceedings{Bouyer&Fahrenberg&Larsen&Markey&Srba:2008,
  author      = bouyer #{ and }# fahrenberg #{ and }# larsen #{ and }#
                  markey #{ and }# srba,
  OPTeditor   = {Cassez, Franck and Jard, Claude},
  title       = {Infinite Runs in Weighted Timed Automata with Energy
                  Constraints},
  booktitle   = formats #{08},
  year        = 2008,
  publisher   = springer,
  pages       = {33--47},
  series      = lncs,
  volume      = 5215,
  doi         = {10.1007/978-3-540-85778-5_4},
}

@article{Kruskal:1972,
  author       = kruskal,
  chap         = {7},
  title        = {The theory of well-quasi-ordering: {A} frequently
                  discovered concept},  
  journal      = jcomba,
  volume       = 13,
  number       = 3,
  pages        = {297--305},
  year         = 1972,
  doi          = {10.1016/0097-3165(72)90063-5},
}

@article{Dickson:1913,
  author       = dickson,
  chap         = {7},
  title        = {Finiteness of the odd perfect and primitive
                  abundant numbers with $n$ distinct prime factors},
  journal      = ajm,
  year         = 1913,
  volume       = 35,
  number       = 4,
  pages        = {413--422},
  doi          = {10.2307/2370405},
}

@article{Fischer&Meyer&Rosenberg:1968,
  author       = fischerp #{ and }# meyerar #{ and }# rosenberg,
  chap         = {7},
  title        = {Counter machines and counter languages},
  journal      = mst,
  volume       = 2,
  number       = 3,
  pages        = {265--283},
  year         = 1968,
  doi          = {10.1007/BF01694011},
}

@inproceedings{Fahrenberg&Juhl&Larsen&Srba:2011,
  author       = fahrenberg #{ and }# juhl #{ and }# larsen #{ and }# srba,
  chap         = {7},
  OPTeditor    = {Cerone, Antonio and Pihlajasaari, Pekka},
  title        = {Energy Games in Multiweighted Automata},
  booktitle    = ictac #{11},
  year         = 2011,
  publisher    = springer,
  pages        = {95--115},
  series       = lncs,
  volume       = 6916,
  doi          = {10.1007/978-3-642-23283-1_9},
}

@inproceedings{Chakrabarti&deAlfaro&Henzinger&Stoelinga:2003,
  author       = chakrabarti #{ and }# dealfaro #{ and }# henzinger #{
                  #{ and }# }# stoelinga,
  OPTeditor    = {Alur, Rajeev and Lee, Insup},
  title        = {Resource Interfaces},
  booktitle    = emsoft #{03},
  year         = 2003,
  publisher    = springer,
  pages        = {117--133},
  series       = lncs,
  volume       = 2855,
  doi          = {10.1007/978-3-540-45212-6_9},
}

@inproceedings{Bozzelli&Ganty:2011,
  author       = bozzelli #{ and }# ganty,
  chap         = {7},
  title        = {Complexity Analysis of the Backward Coverability
                  Algorithm for {VASS}},
  booktitle    = rp #{11},
  location     = {Genoa, Italy},
  pages        = {96--109},
  year         = {2011},
  doi          = {10.1007/978-3-642-24288-5_10},
  OPTeditor       = {Giorgio Delzanno and Igor Potapov},
  series       = lncs,
  volume       = 6945,
  publisher    = springer,
}

@article{Abdulla&Cerans&Jonsson&Tsay:2000,
  author	= abdulla #{ and }# cerans #{ and }# jonsson #{ and }# tsay, 
  title		= "Algorithmic analysis of programs with
                   well quasi-ordered domains",
  journal	= ic,
  volume	= "160",
  number	= "1/2",
  pages		= "109--127",
  year		= "2000",
  doi		= "10.1006/inco.1999.2843",
}

@article{Finkel&Schnoebelen:2001,
  author	= finkel #{ and }# schnoebelen,
  chap	  = {7},
  title		= "Well-Structured Transition Systems Everywhere!",
  journal	= tcs,
  volume	= "256",
  number	= "1--2",
  pages		= "63--92",
  year		= "2001",
  doi		= "10.1016/S0304-3975(00)00102-X",
}

@article{Demri&Jurdzinski&Lachish&Lazic:2012,
  author       = demri #{ and }# jurdzinski #{ and }# lachish #{ and
                  }# lazic,
  title        = {The covering and boundedness problems for branching
                  vector addition systems},
  journal      = jcss,
  volume       = 79,
  number       = 1,
  year         = 2012,
  pages        = {23--38},
  doi          = {10.1016/j.jcss.2012.04.002},
}

@inproceedings{Berard&Haddad&Sassolas&Sznajder:2012,
  author       = berard #{ and }# haddadS #{ and }# sassolas #{ and }#
                  sznadjer,
  title        = {Concurrent Games on~{VASS} with Inhibition},
  booktitle    = concur #{12},
  location     = {Newcastle upon Tyne, UK},
  OPTeditor    = {Koutny, Maciej and Ulidowski, Irek},
  series       = lncs,
  volume       = 7454,
  pages        = {39--52},
  year         = 2012,
  doi          = {10.1007/978-3-642-32940-1_5},
  publisher    = springer,
}

@unpublished{Schmitz&Schnoebelen:2012,
  author       = schmitz #{ and }# schnoebelen,
  chap         = {7},
  title        = {Algorithmic Aspects of WQO Theory},
  year         = 2012,
  note         = {\emph{Lecture notes, European Summer School on Logic, Language and Information, ESSLLI'12}},
  oai          = {cel.archives-ouvertes.fr:cel-00727025},
  url          = {http://cel.archives-ouvertes.fr/cel-00727025}
}

@InProceedings{FM:2013,
author=frederiksen #{ and }# miltersen,
chap  = {7},
title={Approximating the Value of a Concurrent Reachability Game in the Polynomial Time Hierarchy},
booktitle={Algorithms and Computation},
year={2013}
}



@article{Lazic&Schmitz:2019,
  author       = lazic #{ and }# schmitz,
  chap         = {7},
  title        = {The Ideal View on {R}ackoff's Coverability
                  Technique},
  journal      = ic,
  oai          = {hal.inria.fr:hal-01176755},
  url          = {https://hal.inria.fr/hal-01176755},
  year         = 2019,
  note         = toappear,
}

@inproceedings{DeGiacomo&Vardi&Felli&Alechina&Logan:2018,
  author       = degiacomo #{ and }# vardi #{ and }# felli #{ and }#
                  alechina #{ and }# logan,
  title        = {Synthesis of Orchestrations of Transducers for
                  Manufacturing},
  booktitle    = aaai #{18},
  year         = 2018,
  url          = {https://www.aaai.org/ocs/index.php/AAAI/AAAI18/paper/view/17250},
  publisher    = {AAAI Publications}
}

@inproceedings{Czerwinski&Lasota&Lazic&Leroux&Mazowiecki:2019,
  author       = czerwinski #{ and }# lasota #{ and }#
                  lazic #{ and }# leroux #{ and }# mazowiecki,
  title        = {The Reachability Problem for {P}etri Nets is Not
                  Elementary},
  booktitle    = stoc #{19},
  location     = {Phoenix, AZ, USA},
  year         = 2019,
  publisher    = acm,
  note         = {\href{https://arxiv.org/abs/1809.07115}{arXiv:1809.07115 [cs.LO]}, to appear},
}

@phdthesis{Puri:1995,
	Author = puri,
	chap   = {7},
	School = berkeley,
	Title = {Theory of Hybrid Systems and Discrete Event Systems},
	Year = {1995}}

@article{Aminof&Rubin:2017,
	Author = aminof #{ and }# rubin,
	chap   = {7},
	Journal = ic,
	Pages = {195--216},
	Title = {First-Cycle Games},
	Volume = {254},
	Year = {2017}}

@article{Brihaye&Geeraerts&HaddadA&Monmege:2017,
	Author = brihaye #{ and }# geeraerts #{ and }# haddadA #{ and }# monmege,
	chap   = {7},
	Doi = {10.1007/s00236-016-0276-z},
	Journal = acta,
	Month = feb,
	Number = {1},
	Pages = {85--125},
	Title = {Pseudopolynomial Iterative Algorithm to Solve Total-Payoff Games and Min-Cost Reachability Games},
	Volume = {54},
	Year = {2017},}

@techreport{Haddad&Monmege:2015,
	Author = haddadA #{ and }# monmege,
	chap   = {7},
	Institution = {Universit{\'e} libre de Bruxelles},
	Month = jun,
	Title = {Why Value Iteration Runs in Pseudo-Polynomial Time for Discounted-Payoff Games},
	Type = {Technical note},
	Year = {2015}}

@article{Brim&Chaloupka&Doyen&Gentilini&Raskin:2011,
	Author = brim #{ and }# chaloupka #{ and }# doyen #{ and }# gentilini #{ and }# raskin,
	chap   = {7},
	Journal = {Formal Methods for System Design},
	Number = {2},
	Pages = {97--118},
	Title = {Faster Algorithms for Mean-Payoff Games},
	Volume = {38},
	Year = {2011}}

@phdthesis{Fearnley:2010,
	Author = fearnley,
	chap   = {7},
	School = {University of Warwick},
	Title = {Strategy Iteration Algorithms for Games and {M}arkov Decision Processes},
	Year = {2010}}

@article{Chatterjee&Henzinger&Piterman:2010,
  author	= chatterjee #{ and }# henzinger #{ and }# piterman,
  chap	  = {7},
  title		= {Strategy logic},
  journal	= ic,
  volume	= {208},
  year		= {2010}
}

@article{Alur&Henzinger&Kupferman:2002,
  author	= alur #{ and }# henzinger #{ and }# kupferman,
  chap	  = {7},
  title		= {Alternating-time temporal logic},
  journal	= jacm,
  volume	= {49},
  number	= {5},
  pages		= {672--713},
  year		= {2002},
  publisher	= {ACM}
}

@inproceedings{Mogavero&Murano&Perelli&Vardi:2012,
  author	= mogavero #{ and }# murano #{ and }# perelli #{ and }# vardi,
  chap	  = {7},
  title		= {What makes {ATL\textsuperscript{*}} decidable? A~decidable fragment of strategy logic},
  booktitle	= concur #{12},
  pages		= {193--208},
  year		= {2012},
  organization	= {Springer}
}
@book{Konig:1936,
  title={Theorie der endlichen und unendlichen Graphen},
  author= konig,
  chap  = {7},
  year={1936},
  publisher={Akademische Verlagsgesellschaft, Leipzig}
}
@inproceedings{Kopczynski:2006,
	Author = kopczynski,
	chap   = {7},
	Booktitle = icalp # {06},
	Pages = {336--347},
	Publisher = springer,
	Series = lncs,
	Title = {Half-Positional Determinacy of Infinite Games},
	Volume = 4052,
	Year = 2006}

@article{Karp:1978,
	Author = karp,
	chap   = {7},
	Journal = discrete_maths,
	Pages = {309--311},
	Title = {A Characterization of the Minimum Cycle Mean in a Digraph},
	Volume = 23,
	Year = 1978
}

@inproceedings{Gimbert&Zielonka:2005,
	Author = gimbert #{ and }# zielonka,
	chap   = {7},
	Booktitle = concur # {05},
	Pages = {428--442},
	Publisher = springer,
	Series = lncs,
	Title = {Games Where You Can Play Optimally Without Any Memory},
	Volume = 3653,
	Year = 2005}

@inproceedings{Gawlitza&Seidl:2009,
	author    = gawlitza #{ and }# seidl,
	chap      = {7},
 	title     = {Games through Nested Fixpoints},
	booktitle = cav # {09},
	pages     = {291--305},
	year      = {2009},
	Publisher = springer,
	Series = lncs,
	Volume = 5643
}

@inproceedings{Brenguier&Raskin:2015,
  author    = brenguier #{ and }# raskin,
  chap      = {7},
  title     = {Pareto Curves of Multidimensional Mean-Payoff Games},
  booktitle = cav # {15},
  pages     = {251--267},
  year      = {2015},
  series    = lncs,
  volume    = 9207,
  publisher = springer
}
@inproceedings{Velner:2015,
  author    = velner,
  chap      = {7},
  title     = {Robust Multidimensional Mean-Payoff Games are Undecidable},
  booktitle = fossacs # {15},
  pages     = {312--327},
  year      = {2015},
  series    = lncs,
  volume    = 9034,
  publisher = springer
}
@article{Chatterjee&al:2015,
  author    = chatterjee #{ and }# doyen #{ and }# randour #{ and }# raskin,
  chap      = {7},
  title     = {Looking at mean-payoff and total-payoff through windows},
  journal   = ic,
  volume    = 242,
  pages     = {25--52},
  year      = {2015}
}
@inproceedings{Bruyere&Hautem&Randour:2016,
  author    = bruyere #{ and }# hautem #{ and }# randour,
  chap      = {7},
  title     = {Window parity games: an alternative approach toward parity games with
               time bounds},
  booktitle = gandalf # {16},
  pages     = {135--148},
  year      = {2016},
  series    = eptcs,
  volume    = {226}
}
@inproceedings{Chatterjee&Henzinger&Jurdzinski:2005,
  author    = chatterjee #{ and }# henzinger #{ and }# jurdzinski,
  chap      = {7},
  title     = {Mean-Payoff Parity Games},
  booktitle = lics # {05},
  pages     = {178--187},
  publisher = ieee,
  year      = {2005}
}
@inproceedings{Daviaud&Jurdzinski&Lazic:2018,
  author    = daviaud #{ and }# jurdzinski #{ and }# lazic,
  chap      = {7},
  title     = {A pseudo-quasi-polynomial algorithm for mean-payoff parity games},
  booktitle = lics # {18},
  pages     = {325--334},
  publisher = acm,
  year      = {2018}
}
@article{Bouyer&al:2018,
  author    = bouyer #{ and }# markey #{ and }# randour #{ and }# larsen #{ and }# laursen,
  chap      = {7},
  title     = {Average-energy games},
  journal   = acta,
  volume    = {55},
  number    = {2},
  pages     = {91--127},
  year      = {2018}
}
@inproceedings{Bouyer&al:2017,
  author    = bouyer #{ and }# hofman #{ and }# markey #{ and }# randour #{ and }# zimmermann,
  chap      = {7},
  title     = {Bounding Average-Energy Games},
  booktitle = fossacs # {17},
  pages     = {179--195},
  year      = {2017},
  series    = lncs,
  volume    = {10203}
}
@inproceedings{Bruyere&Hautem&Raskin:2016,
  author    = bruyere #{ and }# hautem #{ and }# raskin,
  chap      = {7},
  title     = {On the Complexity of Heterogeneous Multidimensional Games},
  booktitle = concur # {16},
  pages     = {11:1--11:15},
  series    = lipics,
  volume    = {59},
  publisher = dagstuhl,
  year      = {2016}
}
@inproceedings{LeRoux&Pauly&Randour:2018,
  author    = lerouxs  #{ and }# pauly  #{ and }# randour,
  chap      = {7},
  title     = {Extending Finite-Memory Determinacy by {B}oolean Combination of Winning
               Conditions},
  booktitle = fsttcs # {18},
  pages     = {38:1--38:20},
  series    = lipics,
  volume    = {122},
  publisher = dagstuhl,
  year      = {2018}
}
@article{Brassard:1979,
  author    = brassard,
  chap      = {7},
  title     = {A note on the complexity of cryptography (Corresp.)},
  journal   = {{IEEE} Trans. Information Theory},
  volume    = {25},
  number    = {2},
  pages     = {232--233},
  year      = {1979}
}

@book{Puterman:2005,
	title={Markov Decision Processes: Discrete Stochastic Dynamic Programming},
	author= puterman,
	chap  = {7},
	year={2005},
	publisher={John Wiley \& Sons}
}
@article{Bareiss:1968,
	title = {Sylvester's identity and multistep integer-preserving {G}aussian elimination},
	journal = mathcomp,
	author = bareiss,
	chap   = {7},
	year = {1968},
	volume = {22},
	pages = {565--578},
	publisher = ams
}
@article{Tseng:1990,
	title = "Solving {H}-horizon, stationary {M}arkov decision problems in time proportional to {{\(\log(H)\)}}",
	journal = orl,
	volume = "9",
	number = "5",
	pages = "287--297",
	year = "1990",
	author = tseng,
	chap   = {7},
	publisher = elsevier
}
@inproceedings{Hollanders&Delvenne&Jungers:2012,
	author= hollanders #{ and }# delvenne #{ and }# jungers,
	chap  = {7},
	booktitle= cdc # {12},
	title={The complexity of Policy Iteration is exponential for discounted {M}arkov Decision Processes},
	year={2012},
	volume={},
	number={},
	pages={5997--6002},
	publisher = ieee
}

@article{Bruyere&al:2017,
  author    = bruyere #{ and }# filiot #{ and }# randour #{ and }# raskin,
  chap      = {7},
  title     = {Meet your expectations with guarantees: Beyond worst-case synthesis
               in quantitative games},
  journal   = ic,
  volume    = {254},
  pages     = {259--295},
  year      = {2017}
}
@inproceedings{Clemente&Raskin:2015,
  author    = clemente #{ and }# raskin,
  chap      = {7},
  title     = {Multidimensional beyond Worst-Case and Almost-Sure Problems for Mean-Payoff
               Objectives},
  booktitle = lics # {15},
  pages     = {257--268},
  publisher = ieee,
  year      = {2015}
}
@inproceedings{Berthon&Randour&Raskin:2017,
  author    = berthon #{ and }# randour #{ and }# raskin,
  chap      = {7},
  title     = {Threshold Constraints with Guarantees for Parity Objectives in {M}arkov
               Decision Processes},
  booktitle = icalp # {17},
  pages     = {121:1--121:15},
  series    = lipics,
  volume    = {80},
  publisher = dagstuhl,
  year      = {2017}
}
@inproceedings{David&al:2014,
  author    = davida #{ and }# jensen #{ and }# larsen #{ and }# legay #{ and }# lime #{ and }# sorensenm #{ and }# taankvist,
  chap      = {7},
  title     = {On Time with Minimal Expected Cost!},
  booktitle = atva # {14},
  pages     = {129--145},
  series    = lncs,
  volume    = {8837},
  publisher = springer,
  year      = {2014}
}
@inproceedings{Brazdil&Kucera&Novotny:2016,
  author    = brazdil #{ and }# kucera #{ and }# novotny,
  chap      = {7},
  title     = {Optimizing the Expected Mean Payoff in Energy {M}arkov Decision Processes},
  booktitle = atva # {16},
  pages     = {32--49},
  series    = lncs,
  volume    = {9938},
  year      = {2016}
}
@inproceedings{Almagor&Kupferman&Velner:2016,
  author    = almagor #{ and }# kupferman #{ and }# velner,
  chap      = {7},
  title     = {Minimizing Expected Cost Under Hard {B}oolean Constraints, with Applications
               to Quantitative Synthesis},
  booktitle = concur # {16},
  pages     = {9:1--9:15},
  series    = lipics,
  volume    = {59},
  publisher = dagstuhl,
  year      = {2016}
}
@inproceedings{Randour&Raskin&Sankur:2015,
  author    = randour #{ and }# raskin #{ and }# sankur,
  chap      = {7},
  title     = {Variations on the Stochastic Shortest Path Problem},
  booktitle = vmcai # {15},
  pages     = {1--18},
  series    = lncs,
  volume    = {8931},
  publisher = springer,
  year      = {2014}
}
@inproceedings{Brenguier&al:2016,
  author    = brenguier #{ and }# clemente #{ and }# hunter #{ and }# perez #{ and }# randour #{ and }# raskin #{ and }# sankur #{ and }# sassolas,
  chap      = {7},
  title     = {Non-Zero Sum Games for Reactive Synthesis},
  booktitle = lata # {16},
  pages     = {3--23},
  series    = lncs,
  volume    = {9618},
  publisher = springer,
  year      = {2016}
}

@article{Karmarkar:1984,
	author= karmarkar,
	chap  = {7},
	title="A new polynomial-time algorithm for linear programming",
	journal=combinatorica,
	year="1984",
	volume="4",
	number="4",
	pages="373--395",
	publisher = springer
}
@article{Ye:2011,
	title = "The Simplex and Policy-Iteration Methods Are Strongly Polynomial for the {M}arkov Decision Problem with a Fixed Discount Rate",
	journal = mor,
	volume = "36",
	number = "4",
	pages = "593 -- 603",
	year = "2011",
	author = ye,
	chap   = {7},
}
@Book{Norris:1998,
	title     = {{M}arkov Chains},
	publisher = cup,
	year      = {1998},
	author    = norris,
	chap      = {7},
	volume    = {2},
	series    = {Cambridge Series on Statistical and Probabilistic Mathematics},
	pages     = {254}
}
@Book{Matousek:2007,
	title     = {Understanding and Using Linear Programming},
	publisher = springer,
	year      = {2007},
	author    = matousek,
	chap      = {7},
	series    = {Universitext},
	pages     = {226}
}
@article{Gonzaga:1992,
	author = gonzaga,
	chap   = {7},
	journal = siamrev,
	number = {2},
	pages = {167--224},
	publisher = siam,
	title = {Path-Following Methods for Linear Programming},
	volume = {34},
	year = {1992}
}
@Book{Cormen&Leiserson&Rivest&Stein:2009,
	title     = {Introduction to Algorithms, Third Edition},
	publisher = mitpress,
	year      = {2009},
	author    = cormen #{ and }# leiserson #{ and }# rivest #{ and }# stein,
	chap      = {7},
	pages     = {1320}
}
@InProceedings{Fearnley:2010b,
	author=fearnley,
	chap  = {7},
	title="Exponential Lower Bounds for Policy Iteration",
	booktitle=icalp # {10},
	year="2010",
	publisher=springer,
	pages="551--562",
}
@inproceedings{Chatterjee&Henzinger:2011,
	author = chatterjee #{ and }# henzingerm,
	chap   = {7},
	title = {Faster and Dynamic Algorithms For Maximal End-Component Decomposition And Related Graph Problems In Probabilistic Verification},
	booktitle = soda # {11},
	pages = {1318--1336},
	publisher = siam,
	year = {2011}
}
@Book{Baier&Katoen:2008,
	title     = {Principles of Model Checking},
	publisher = mitpress,
	year      = {2008},
	author    = baier #{ and }# katoen,
	chap      = {7},
	pages     = {984}
}
@article{Bellman:1957,
	title={A {M}arkovian decision process},
	author=bellman,
	chap  = {7},
	journal={Journal of Mathematics and Mechanics},
	pages={679--684},
	year={1957}
}
@Book{Sutton&Barto:2018,
	title     = {Reinforcement Learning: An~Introduction},
	edition = {2nd},
	publisher = mitpress,
	year      = {2018},
	author    = sutton #{ and }# barto,
	chap      = {7},
	pages     = {322552}
}
@book{Bertsekas:2017,
	author = bertsekas,
	chap   = {7},
	publisher = athena,
	title = "{Dynamic Programming and Optimal Control}",
	year = 2007,
	pages = {576},
	edition = {4th}
}
@Book{Williams:1991,
	title     = {Probability with Martingales},
	publisher = cup,
	year      = {1991},
	author    = williams,
	chap      = {7},
	pages     = {251},
}
@inproceedings{Brazdil&Brozek&Etessami&Kucera:2011,
	author = brazdil #{ and }# brozek #{ and }# etessami #{ and }# kucera,
	chap   = {7},
	pages = "332--343",
	title = "{Approximating the termination value of one-counter {MDPs} and stochastic games}",
	booktitle = icalp # {11},
	publisher = springer,
	year = {2011}
}





@article{Comin:2017,
	Author = comin # { and } # rizzi,
	chap   = {7},
	Journal = {Algorithmica},
	Month = {Apr},
	Number = {4},
	Pages = {995--1021},
	Title = {Improved Pseudo-polynomial Bound for the Value Problem and Optimal Strategy Synthesis in Mean Payoff Games},
	Volume = {77},
	Year = {2017}}


@article{Gaubert:2014,
	Author =    allamigeon # { and } # benchimol # { and } # gaubert #
	              { and } # joswig,
	Journal = {SIAM Journal on Optimization},
	Number = {4},
	Pages = {2096-2117},
	Title = {Combinatorial Simplex Algorithms Can Solve Mean Payoff Games},
	Volume = {24},
	Year = {2014}}

@article{Lifshits:2007,
	Author = lifshits # { and } # pavlov,
	chap   = {7},
	Journal = {Journal of Mathematical Sciences},
	Month = {Sep},
	Number = {3},
	Pages = {4967--4974},
	Title = {Potential theory for mean payoff games},
	Volume = {145},
	Year = {2007}}


@article{AD94,
  author =        alur # { and }# dill,
  chap   = {7},
  title =         {A Theory of Timed Automata},
  publisher =     elsevier,
  journal =       tcs,
  volume =        {126},
  number =        {2},
  pages =         {183-235},
  year =          {1994},
  month =         apr,
  sort-month =    {040},
}

@inproceedings{Dil90,
  author =        dill,
  chap   = {7},
  booktitle =     avmfss#{89},
  OLDbooktitle =     {{P}roceedings of the {I}nternational {W}orkshop on
                   {A}utomatic {V}erification {M}ethods for {F}inite
                   {S}tate {S}ystems ({AVMFSS}'89)},
  OPTeditor =        {Sifakis, Joseph},
  pages =         {197-212},
  publisher =     springer,
  series =        lncs,
  title =         {Timing Assumptions and Verification of Finite-State
                   Concurrent Systems},
  volume =        {407},
  year =          {1990},
  acronym =       {{AVMFSS}'89},
}

@inproceedings{BM83,
  author =        berthomieu # { and } # menasche,
  chap   = {7},
  booktitle =     wcc#{83},
  OLDbooktitle =     {{I}nformation {P}rocessing~83~-- {P}roceedings of the
                   9th {IFIP} {W}orld {C}omputer {C}ongress ({WCC}'83)},
  OPTeditor =        {Mason, R. E. A.},
  month =         sep,
  pages =         {41-46},
  publisher =     {North-Holland/IFIP},
  title =         {An~Enumerative Approach for Analyzing Time {P}etri
                   Nets},
  year =          {1983},
  acronym =       {{WCC}'83},
}


@inproceedings{AMPS98,
  author =        asarin # { and } # maler # { and } # pnueli # { and } #
                   sifakis,
  booktitle =      scc#{98},
  OLDbooktitle =     {{P}roceedings of the 5th {IFAC} {C}conference on
                   {S}ystem {S}tructure and {C}ontrol ({SSC}'98)},
  month =         jul,
  pages =         {469-474},
  publisher =     elsevier,
  title =         {Controller Synthesis for Timed Automata},
  year =          {1998},
  acronym =       {{SSC}'98},
}

@inproceedings{CDFLL05,
  author =        cassez # { and } # davida # { and } #
                   fleury # { and } # larsen # { and } # 
                   lime, 
  booktitle =      concur#{05},
  OLDbooktitle =     {{P}roceedings of the 16th {I}nternational
                   {C}onference on {C}oncurrency {T}heory ({CONCUR}'05)},
  OPTeditor =        {Abadi, Mart{\'\i}n and de Alfaro, Luca},
  month =         aug,
  pages =         {66-80},
  publisher =     springer,
  series =        lncs,
  title =         {Efficient On-the-fly Algorithms for the Analysis of
                   Timed Games},
  volume =        {3653},
  year =          {2005},
  acronym =       {{CONCUR}'05},
  doi =           {10.1007/11539452_9},
}

@inproceedings{LS98,
  author =        liu # { and } # smolka,
  chap   = {7},
  booktitle =     icalp#{98},
  OLDbooktitle =     {{P}roceedings of the 25th {I}nternational
                   {C}olloquium on {A}utomata, {L}anguages and
                   {P}rogramming ({ICALP}'98)},
  editor =        {Larsen, Kim Guldstrand and Skyum, Sven and
                   Winskel, Glynn},
  month =         jul,
  pages =         {53-66},
  publisher =     springer,
  series =        lncs,
  title =         {Simple Linear-Time Algorithms for Minimal Fixed
                   Points},
  volume =        {1443},
  year =          {1998},
  acronym =       {{ICALP}'98},
}


@inproceedings{JLSO13,
  author =        jensen.j # { and } # larsen # { and } #
                   srba # { and } # ostergaard,
  booktitle =      spin#{13},
  OLDbooktitle =     {{P}roceedings of the 20th {I}nternational {S}ymposium
                   on {M}odel-{C}herking {S}oftware ({SPIN}'13)},
  OPTeditor =        {Bartocci, Ezio and Ramakrishnan, C. R.},
  month =         jul,
  pages =         {178-195},
  publisher =     springer,
  series =        lncs,
  title =         {Local Model Checking of Weighted {CTL} with
                   Upper-Bound Constraints},
  volume =        {7976},
  year =          {2013},
  acronym =       {{SPIN}'13},
  doi =           {10.1007/978-3-642-39176-7_12},
}


@inproceedings{MPS95,
  author =        maler # { and } # pnueli # { and } # sifakis,
  chap   = {7},
  booktitle =     stacs#{95},
  OLDbooktitle =     {{P}roceedings of the 12th {S}ymposium on
                   {T}heoretical {A}spects of {C}omputer {S}cience
                   ({STACS}'95)},
  OPTeditor =        {Mayr, Ernst W. and Puech, Claude},
  month =         mar,
  pages =         {229-242},
  publisher =     springer,
  series =        lncs,
  title =         {On the Synthesis of Discrete Controllers for Timed
                   Systems (An~Extended Abstract)},
  volume =        {900},
  year =          {1995},
  acronym =       {{STACS}'95},
}

@inproceedings{TA99,
  author =        tripakis # { and } # altisen,
  chap   = {7},
  booktitle =     fm#{99},
  OLDbooktitle =     {{P}roceedings of the {W}orld {C}ongress on {F}ormal
                   {M}ethods ({FM}'99)},
  OPTeditor =        {Wing, Jeannette M. and Woodcock, Jim and Davies, Jim},
  month =         sep,
  pages =         {233-252},
  publisher =     springer,
  series =        lncs,
  title =         {On-the-Fly Controller Synthesis for Discrete and
                   Dense-Time Systems},
  volume =        {1708},
  year =          {1999},
  acronym =       {{FM}'99},
}

@inproceedings{AFHMS03,
  author =        dealfaro # { and } # faella # { and } #
                   henzinger # { and } # majumdar # { and } #
                   stoelinga,
  booktitle =     concur#{03},
  OLDbooktitle =     {{P}roceedings of the 14th {I}nternational
                   {C}onference on {C}oncurrency {T}heory ({CONCUR}'03)},
  OPTeditor =        {Amadio, Roberto and Lugiez, Denis},
  month =         aug,
  pages =         {142-156},
  publisher =     springer,
  series =        lncs,
  title =         {The Element of Surprise in Timed Games},
  volume =        {2761},
  year =          {2003},
  acronym =       {{CONCUR}'03},
}

@article{BMS15,
  author =        bouyer # { and } # markey # { and } # sankur,
  chap   = {7},
  journal =       tcs,
  month =         jan,
  pages =         {43-74},
  publisher =     elsevier,
  title =         {Robust Reachability in Timed Automata and Games:
                   A~Game-based Approach},
  volume =        {563},
  year =          {2015},
}

@inproceedings{BFM15,
  author =        bouyer # { and } # fang # { and } # markey,
  chap   = {7},
  booktitle =     avocs#{15},
  OLDbooktitle =     {{P}roceedings of the 15th {I}nternational {W}orkshop
                   on {A}utomated {V}erification of {C}ritical {S}ystems
                   ({AVOCS}'15)},
  OPTeditor =        {Grov, Gudmund and Ireland, Andrew},
  month =         sep,
  publisher =     {European Association of Software Science and
                   Technology},
  series =        {Electronic Communications of the EASST},
  title =         {Permissive strategies in timed automata and games},
  volume =        {72},
  year =          {2015},
}

@article{LLTW14,
  author =        larsen # { and } # legay # { and } #
                   traonouez # { and } #  wasowski,
  journal =       tcs,
  month =         jan,
  pages =         {96-122},
  publisher =     elsevier,
  title =         {Robust synthesis for real-time systems},
  volume =        {515},
  year =          {2014},
}

@inproceedings{ORS14,
  author =        oualhadj # { and } # reynier # { and } # sankur,
  chap   = {7},
  booktitle =     concur#{14},
  OLDbooktitle =     {{P}roceedings of the 25th {I}nternational
                   {C}onference on {C}oncurrency {T}heory ({CONCUR}'14)},
  editor =        {Baldan, Paolo and Gorla, Daniele},
  month =         sep,
  pages =         {203-217},
  publisher =     springer,
  series =        lncs,
  title =         {Probabilistic Robust Timed Games},
  volume =        {8704},
  year =          {2014},
  acronym =       {{CONCUR}'14},
  doi =           {10.1007/978-3-662-44584-6_15},
}

@inproceedings{BBR05,
  author =        brihaye # { and } # bruyere # { and } # raskin,
  chap   = {7},
  booktitle =     formats#{05},
  OLDbooktitle =     {{P}roceedings of the 3rd {I}nternational
                   {C}onferences on {F}ormal {M}odelling and {A}nalysis
                   of {T}imed {S}ystems ({FORMATS}'05)},
  editor =        {Pettersson, Paul and Yi, Wang},
  month =         sep,
  pages =         {49-64},
  publisher =     springer,
  series =        lncs,
  title =         {On Optimal Timed Strategies},
  volume =        {3829},
  year =          {2005},
  acronym =       {{FORMATS}'05},
  doi =           {10.1007/11603009_5},
}

@article{BBM06,
  author =        bouyer # { and } # brihaye # { and } # markey,
  chap   = {7},
  journal =       ipl,
  month =         jun,
  number =        {5},
  pages =         {188-194},
  publisher =     elsevier,
  title =         {Improved Undecidability Results on Weighted Timed
                   Automata},
  volume =        {98},
  year =          {2006},
  doi =           {10.1016/j.ipl.2006.01.012},
}

@inproceedings{BJM15,
  author =        bouyer # { and } # jaziri # { and } # markey,
  chap   = {7},
  booktitle =     concur#{15},
  OLDbooktitle =     {{P}roceedings of the 26th {I}nternational
                   {C}onference on {C}oncurrency {T}heory ({CONCUR}'15)},
  OPTeditor =        {Aceto, Luca and de Frutos{-}Escrig, David},
  month =         sep,
  pages =         {311-324},
  publisher =     dagstuhl,
  series =        lipics,
  title =         {On~the Value Problem in Weighted Timed Games},
  volume =        {42},
  year =          {2015},
  acronym =       {{CONCUR}'15},
  doi =           {10.4230/LIPIcs.CONCUR.2015.311},
}

@inproceedings{BDMP03,
  author =        bouyer # { and } # dsouza # { and } #
                   madhusudan # { and } # petit,
  booktitle =     cav#{03},
  OLDbooktitle =     {{P}roceedings of the 15th {I}nternational
                   {C}onference on {C}omputer {A}ided {V}erification
                   ({CAV}'03)},
  OPTeditor =        {Hunt, Jr, Warren A. and Somenzi, Fabio},
  month =         jul,
  pages =         {180-192},
  publisher =     springer,
  series =        lncs,
  title =         {Timed Control with Partial Observability},
  volume =        {2725},
  year =          {2003},
  acronym =       {{CAV}'03},
}

@inproceedings{CDLLR07,
  author =        cassez # { and } # davida # { and } #
                   larsen # { and } # lime # { and } #
                   raskin,
  booktitle =    atva#{07},
  OLDbooktitle =     {{P}roceedings of the 5th {I}nternational {S}ymposium
                   on {A}utomated {T}echnology for {V}erification and
                   {A}nalysis ({ATVA}'07)},
  OPTeditor =        {Namjoshi, Kedar and Yoneda, Tomohiro and
                   Higashino, Teruo and Okamura, Yoshio},
  month =         oct,
  pages =         {192-206},
  publisher =     springer,
  series =        lncs,
  title =         {Timed Control with Observation Based and Stuttering
                   Invariant Strategies},
  volume =        {4762},
  year =          {2007},
  acronym =       {{ATVA}'07},
  doi =           {10.1007/978-3-540-75596-8_15},
}

@inproceedings{BCD+07,
  author =        behrmann # { and } # cougnard # { and } #
                   davida # { and } # fleury # { and } #
                   larsen # { and } # lime,
  booktitle =      cav#{07},
  OLDbooktitle =     {{P}roceedings of the 19th {I}nternational
                   {C}onference on {C}omputer {A}ided {V}erification
                   ({CAV}'07)},
  OPTeditor =        {Damm, Werner and Hermanns, Holger},
  month =         jul,
  pages =         {121-125},
  publisher =     springer,
  series =        lncs,
  title =         {{UPPAAL-Tiga}: Time for Playing Games!},
  volume =        {4590},
  year =          {2007},
  acronym =       {{CAV}'07},
}

@inproceedings{CJLRR09,
  author =        cassez # { and } # jensen.jj # { and } #
                   larsen # { and } # raskin # { and } #
                   reynier,
  booktitle =      hscc#{09},
  OLDbooktitle =     {{P}roceedings of the 12th {I}nternational {W}orkshop
                   on {H}ybrid {S}ystems: {C}omputation and {C}ontrol
                   ({HSCC}'09)},
  OPTeditor =        {Majumdar, Rupak and Tabuada, Paulo},
  month =         apr,
  pages =         {90-104},
  publisher =     springer,
  series =        lncs,
  title =         {Automatic Synthesis of Robust and Optimal
                   Controllers~-- An~Industrial Case Study},
  volume =        {5469},
  year =          {2009},
  acronym =       {{HSCC}'09},
}

@mastersthesis{Sor14,
  author =        sorensenm,
  chap   = {7},
  school =        {Computer Science Department, Aalborg University,
                   Denmark},
  title =         {Controller synthesis for home automation},
  year =          {2014},
}

@inproceedings{DJLMT15,
  author =        davida # { and } # jensen # { and } #
                   larsen # { and } # mikucionis # { and } #
                   taankvist,
  booktitle =     tacas#{15},
  OLDbooktitle =     {{P}roceedings of the 21st {I}nternational
                   {C}onference on {T}ools and {A}lgorithms for
                   {C}onstruction and {A}nalysis of {S}ystems
                   ({TACAS}'15)},
  OPTeditor =        {Baier, {\relax Ch}ristel and Tinelli, Cesare},
  month =         apr,
  pages =         {206-211},
  publisher =     springer,
  series =        lncs,
  title =         {Uppaal Stratego},
  volume =        {9035},
  year =          {2015},
  acronym =       {{TACAS}'15},
  doi =           {10.1007/978-3-662-46681-0_16},
}


@inproceedings{PEM11,
  author =        peter # { and } # ehlers # { and } # mattmuller,
  chap   = {7},
  booktitle =      cav#{11},
  OLDbooktitle =     {Proceedings of the 23rd International Conference on
                   Computer Aided Verification ({CAV}'11)},
  OPTeditor =        {Ganesh Gopalakrishnan and Shaz Qadeer},
  pages =         {649-655},
  publisher =     springer,
  series =        lncs,
  title =         {Synthia: Verification and Synthesis for Timed
                   Automata},
  volume =        {6806},
  year =          {2011},
  acronym =       {{CAV}'11},
  doi =           {10.1007/978-3-642-22110-1_52},
}

@inproceedings{EMP10,
  author =        ehlers # { and } # mattmuller # { and } # peter,
  chap   = {7},
  booktitle =     formats#{10},
  OLDbooktitle =     {{P}roceedings of the 8th {I}nternational
                   {C}onferences on {F}ormal {M}odelling and {A}nalysis
                   of {T}imed {S}ystems ({FORMATS}'10)},
  OPTeditor =        {Chatterjee, Krishnendu and Henzinger, Thomas A.},
  month =         sep,
  pages =         {107-212},
  publisher =     springer,
  series =        lncs,
  title =         {Combining Symbolic Representations for Solving Timed
                   Games},
  volume =        {6246},
  year =          {2010},
  acronym =       {{FORMATS}'10},
  doi =           {10.1007/978-3-642-15297-9_10},
}

@incollection{BY04,
  author =              bengtsson # { and } # yi,
  chap   = {7},
  title =               {Timed Automata: Semantics, Algorithms and Tools},
  editor =              {Desel, J{\"o}rg and Reisig, Wolfgang and Rozenberg,
                         Grzegorz},
  booktitle =           {Lectures on Concurrency and {P}etri Nets},
  publisher =           springer,
  series =              lncs,
  volume =              {2098},
  pages =               {87-124},
  year =                {2004},
  doi =                 {10.1007/b98282},
}
