================================================================
Acronyms
================================================================
@string{aaai            =       {Proceedings of the AAAI Conference on Artificial Intelligence, AAAI}}
@string{acm		=	{ACM Press}}
@string{acmtds		=	{ACM Transactions on Database Systems}}
@string{acta		=	{Acta Informatica}}
@string{ajm             =       {American Journal of Mathematics}}
@string{ams		=	{American Mathematical Society}}
@string{am		=	{Annals of Mathematics}}
@string{amstat		=	{Annals of Mathematical Statistics}}
@string{amst		=	{Annals of Mathematical Studies}}
@string{ap		=	{Academic Press}}
@string{apal		=	{Annals of Pure and Applied Logic}}
@string{atva		=	{Proceedings of the International Symposium on Automated Technology for Verification and Analysis, ATVA'}}
@string{athena 	        =       {Athena Scientific}}
@string{aup		=	{Amsterdam University Press}}
@string{avmfss          =       {Proceedings of the International Workshop on Automatic Verification Methods for Finite State Systems, {AVMFSS}'}}
@string{avocs           =       {Proceedings of the International Workshop on Automated Verification of Critical Systems, AVoCS'}}

@string{berkeley	=	{University of California at Berkeley}}

@string{cacm		=	{Communications of the ACM}}
@string{cav		=	{Proceedings of the International Conference on Computer Aided Verification, CAV'}}
@string{cdc		=	{Proceedings of the IEEE Conference on Decision and Control, CDC'}}
@string{ciaa		=	{Proceedings of the International Conference on Implementation and Application of Automata, CIAA'}}
@string{cie		=	{Proceedings of the Conference on Computability in Europe, CiE'}}
@string{clmps		=	{Proceedings of the International Congress of Logic, Methodology, and Philosophy of Science, CLMPS'}}
@string{concur		=	{Proceedings of the International Conference on Concurrency Theory, CONCUR'}} 
@string{combinatorica	=	{Combinatorica}} 
@string{csl 		=	{Proceedings of the EACSL Annual Conference on Computer Science and Logic, CSL'}}
@string{csl-lics 	=	{Proceedings of the Joint Meeting of the EACSL Annual Conference on Computer Science and Logic and the Annual IEEE Symposium on Logic in Computer Science, CSL-LICS'}}
@string{cup		=	{Cambridge University Press}}
@string{computationth	=	{Computation Theory}}

@string{dagstuhl	=	{Schlo{\ss} Dagstuhl}}
@string{discrete_applied_maths	=	{Discrete Applied Mathematics}}
@string{discrete_maths	=	{Discrete Mathematics}}
@string{dsp		=	{Dagstuhl Seminar Proceedings}}
@string{duxbury		=	{Duxbury Press}}

@string{eik		=	{Elektronische Informationsverarbeitung und Kybernetik}}
@string{elsevier	=	{Elsevier}}
@string{emsoft          =       {Proceedings of the International Workshop on Embedded Software, EMSOFT'}}
@string{entcs           =       {Electronic Notes in Theoretical Computer Science}}
@string{eptcs           =       {Electronic Proceedings in Theoretical Computer Science}}
@string{esslli          =       {Lecture notes, European Summer School on Logic, Language and Information, ESSLLI'}},

@string{fm              =       {Proceedings of the World Congress on Formal Methods, {FM}'}}
@string{focs		=	{Proceedings of the Annual Symposium on Foundations of Computer Science, FoCS'}}
@string{formats		=	{Proceedings of the International Conference on Formal Modelling and Analysis of Timed Systems, FORMATS'}}
@string{fmsd            =       {Formal Methods for System Design}}
@string{fossacs		=	{Proceedings of the International Conference on the Foundations of Software Science and Computational Structures, FoSSaCS'}}
@string{fsttcs		=	{Proceedings of the International Conference on the Foundations of Software Technology and Theoretical Computer Science, FSTTCS'}}
@string{fundinf         =       {Fundamenta Informatica}}
@string{fct             =       {Fundamentals of Computation Theory}}

@string{gandalf         =       {Proceedings of the International Symposium on Games, Automata, Logics, and Formal Verification, GandALF'}}

@string{hscc		=	{Proceedings of the International Workshop on Hybrid Systems: Computation and Control, HSCC'}}

@string{ibfi		=	{Internationales Begegnungs- und Forschungszentrum fuer Informatik}}
@string{ic		=	{Information and Computation}}
@string{icalp		=	{Proceedings of the International Colloquium on Automata, Languages and Programming, ICALP'}}
@string{icm		=	{Proceedings of the International Congress of Mathematicians, ICM'}}
@string{ictac		=	{Proceedings of the International Colloquium on Theoretical Aspects of Computing, ICTAC'}}
@string{ieee		=	{IEEE Computer Society}}
@string{ifcl		=	{International Federation for Computational Logic}}
@string{ifiptcs		=	{Proceedings of the IFIP International Conference on Theoretical Computer Science, IFIP TCS'}}
@string{ijfcs		=	{International Journal of Foundations of Computer Science}}
@string{ijgt		=	{International Journal of Game Theory}}
@string{ipl		=	{Information Processing Letters}}
@string{ita		=	{Theoretical Informatics and Applications}}

@string{jacm		=	{Journal of the ACM}}
@string{jcomba          =       {Journal of Combinatorial Theory, Series A}}
@string{jcss		=	{Journal of Computer and System Sciences}}
@string{jsl		=	{Journal of Symbolic Logic}}
@string{jstor		=	{JSTOR}}

@string{labri		=	{Laboratoire Bordelais de Recherche en Informatique, CNRS UMR 5800}}
@string{lata		=	{Proceedings of the International Conference on Language and Automata Theory and Applications, LATA'}}
@string{liafa		=	{Laboratoire d'Informatique Algorithmique: Fondements et Applications, CNRS UMR 7089}}
@string{lics 		=	{Proceedings of the Annual IEEE Symposium on Logic in Computer Science, LICS'}}
@string{lipics		=	{LIPIcs}}
@string{lncs 		=	{LNCS}}
@string{lmcs		=	{Logical Methods in Computer Science}}
@string{lpar		=	{Proceedings of the International Conference on Logic for Programming, Artificial Intelligence, and Reasoning, LPAR'}}
@string{lta		=	{Logic and Theory of Automata}}
@string{lop		=	{Logic of Programs}}

@string{mathcomp	=	{Mathematics of Computation}}
@string{ms		=	{Management Science}}
@string{mfcs		=	{Proceedings of the International Symposium on Mathematical Foundations of Computer Science, MFCS'}}
@string{mit		=	{Massachusetts Institute of Technology}}
@string{mitpress	=	{MIT Press}}
@string{mor		=	{Mathematics of Operations Research}}
@string{mp		=	{Mathematical Programming}}
@string{mscs            =       {Mathematical Structures in Computer Science}}
@string{mst             =       {Mathematical Systems Theory}}

@string{orl             =       {Operation Research Letters}}

@string{paris7		=	{Universit{\'e} Denis Diderot -- Paris 7}}
@string{perso		=	{Personal communication}}
@string{petrinets       =       {Proceedings of the International Conference on Application and Theory of Petri Nets, Petri nets'}}
@string{pods		=	{Proceedings of the ACM SIGACT-SIGMOD-SIGART Symposium on Principles of Database Systems, PODS'}}
@string{popl		=	{Proceedings of the Annual ACM Symposium on Principles of Programming Languages, POPL'}}
@string{pnas		=	{Proceedings of the National Academy of Science}}
@string{prh             =       {Prentice-Hall}}
@string{pup		=	{Princeton University Press}}

@string{qest 		=	{Proceedings of the International Conference on Quantitative Evaluation of Systems, QEST'}}
@string{rp 		=	{Proceedings of the International Workshop on Reachability Problems, RP'}}

@string{scc             =       {Proceedings of the 5th {IFAC} Cconference on System Structure and Control, {SSC}'}}
@string{siam		=	{Society for Industrial and Applied Mathematics}}
@string{siamrev		=	{SIAM Review}}
@string{sicomp		=	{SIAM Journal on Computing}}
@string{sigact		=	{SIGACT News}}
@string{sjco		=	{SIAM Journal on Control and Optimization}}
@string{soda		=	{Proceedings of the Symposium on Discrete Algorithms, SODA'}}
@string{sofsem 		=	{Proceedings of the Conference on Current Trends in Theory and Practice of Computer Science, SOFSEM'}}
@string{spin		=	{Proceedings of the International SPIN Workshop on Model Checking of Software, SPIN'}}
@string{springer	=	{Springer-Verlag}}
@string{stacs 		=	{Proceedings of the International Symposium on Theoretical Aspects of Computer Science, STACS'}}
@string{stanford	=	{Stanford University}}
@string{stoc 		=	{Proceedings of the Annual ACM Symposium on Theory of Computing, STOC'}}
@string{sup		=	{Stanford University Press}}

@string{tacas		=	{Proceedings of the International Conference on Tools and Algorithms for the Construction and Analysis of Systems, TACAS'}}
@string{tai		=	{To appear in}}
@string{tams		=	{Transactions of the American Mathematical Society}}
@string{tapsoft		=	{Proceedings of the International Joint Conference on Theory and Practice of Software Development, TAPSOFT'}}
@string{tcs		=	{Theoretical Computer Science}}
@string{tcs2		=	{Theory of Computing Systems}}
@string{tlg		=	{Texts in Logic and Games}}
@string{tocl		=	{ACM Transactions on Computational Logic}}
@string{toplas		=	{ACM Transactions on Programming Languages and Systems}}
@string{vmcai		=	{Proceedings of the International Conference on Verification, Model Checking, and Abstract Interpretation, VMCAI'}}

@string{warsaw          =       {University of Warsaw}}
@string{wcc             =       {Proceedings of the 9th {IFIP} World Computer Congress, {WCC}'}}
@string{wg		=	{Proceedings of the International Workshop on Graph-Theoretic Concepts in Computer Science, WG'}}

@string{wsp 		= 	{World Scientific Publishing}}
================================================================
People
================================================================
@string{abdulla                 =       {Parosh Aziz Abdulla}}
@string{alechina                =       {Natasha Alechina}}
@string{allamigeon              =       {Allamigeon, Xavier}}
@string{almagor			=	{Shaull Almagor}}
@string{alpern			=	{Bowen Alpern}}
@string{altisen                 =       {Altisen, Karine}}
@string{alur			=	{Rajeev Alur}}
@string{aminof			=	{Benjamin Aminof}}
@string{andersson		=	{Daniel Andersson}}
@string{arnold			=	{Andr{\'e} Arnold}}
@string{asarin			=	{Eugene Asarin}}
@string{ash			=	{Robert B. Ash}}
@string{aumann			=	{Robert J. Aumann}}

@string{baier			=	{Christel Baier}}
@string{bardin			=	{S{\'e}bastien Bardin}}
@string{bareiss			=	{Erwin H. Bareiss}}
@string{barto			=	{Andrew G. Barto}}
@string{beeri                   =       {Catriel Beeri}}
@string{behrmann                =       {Behrmann, Gerd}}
@string{bellman 		=	{Richard Bellman}}
@string{bello			=	{Luciano Bello}}
@string{benchimol               =       {Benchimol, Pascal}}
@string{bengtsson               =       {Bengtsson, Johan}}
@string{berard                  =       {B{\'e}atrice B{\'e}rard}}
@string{bernet			=	{Julien Bernet}}
@string{bernstein		=	{Philip A. Bernstein}}
@string{bertacchini		=	{Maximiliano Bertacchini}}
@string{berthomieu              =       {Berthomieu, Bernard}}
@string{berthon			=	{Rapha\"el Berthon}}
@string{bertrand		=	{Nathalie Bertrand}}
@string{bertsimas		=	{Dimitris Bertsimas}}
@string{bertsekas		=	{Dimitri P. Bertsekas}}
@string{bjorklund		=	{Henrik Bj{\"o}rklund}}
@string{billingsley		=	{Patrick Billingsley}}
@string{blackwell		=	{David Blackwell}}
@string{blass			=	{Andreas Blass}}
@string{bojanczyk		=	{Miko{\l}aj Boja{\'n}czyk}}
@string{bontemps		=	{Yves Bontemps}}
@string{borel			=	{{\'E}mile Borel}}
@string{boros			=	{Endre Boros}}
@string{borys			=	{Konrad Borys}}
@string{bouajjani		=	{Ahmed Bouajjani}}
@string{bouyer			=	{Patricia Bouyer}}
@string{bozzelli                =       {Laura Bozzelli}}
@string{brassard                =       {Gilles Brassard}}
@string{brazdil                 =       {Tom{\'a}{\v{s}} Br{\'a}zdil}}
@string{brenguier		=	{Romain Brenguier}}
@string{brihaye			=	{Thomas Brihaye}}
@string{brim			=	{Lubo{\v s} Brim}}
@string{brotherston             =       {James Brotherston}}
@string{brozek                 =       {V\'{a}clav Bro\v{z}ek}}
@string{bruyere			=	{V{\'e}ronique Bruy{\`e}re}}
@string{buchi			=	{J. Richard B{\"u}chi}}
@string{buhrke			=	{Nils Buhrke}}
@string{bulling                 =       {Nils Bulling}}
@string{busatto                 =       {Damien Busatto-Gaston}}

@string{calude			=	{Cristian S. Calude}}
@string{caratheodory		=	{Constantin Carath{\'e}odory}}
@string{carayol			=	{Arnaud Carayol}}
@string{cassez                  =       {Cassez, Franck}}
@string{cerans                  =       {K{\=a}rlis {\v{C}}er{\=a}ns}}
@string{chakrabarti             =       {Arindam Chakrabarti}}
@string{chaloupka               =       {Jakub Chaloupka}}
@string{chatterjee		= 	{Krishnendu Chatterjee}}
@string{chroboczek		=	{Juliusz Chroboczek}}
@string{church			=	{Alonzo Church}}
@string{clarke			=	{Edmund M. Clarke}}
@string{clemente		=	{Lorenzo Clemente}}
@string{cohen                   =       {Edith Cohen}}
@string{colcombet		=	{Thomas Colcombet}}
@string{comin                   =       {Comin, Carlo}}
@string{condon			= 	{Anne Condon}}
@string{cormen			= 	{Thomas H. Cormen}}
@string{cougnard                =       {Cougnard, Agn{\`e}s}}
@string{courcoubetis		=	{Costas Courcoubetis}}
@string{courtois                =       {Jean-Baptiste Courtois}}
@string{crubille		= 	{Paul Crubill{\'{e}}}}
@string{cristau			= 	{Julien Cristau}}
@string{czerwinski              =       {Wojciech Czerwi{\'n}ski}}


@string{dantzig		=	{George B. Dantzig}}
@string{daskalakis		=	{Constantinos Daskalakis}}
@string{daviaud			=	{Laure Daviaud}}
@string{david			=	{Claire David}}
@string{davida			=	{Alexandre David}}
@string{dawar			=	{Anuj Dawar}}
@string{dealfaro		=	{Luca de Alfaro}}
@string{degiacomo               =       {Giuseppe De Giacomo}}
@string{delvenne		=	{Jean-Charles Delvenne}}
@string{demri                   =       {St{\'e}phane Demri}}
@string{derman			=	{Cyrus Derman}}
@string{depril			=	{Julie {d}e Pril}}
@string{dershowitz		=	{Nachum Dershowitz}}
@string{dick			=	{Philip K. Dick}}
@string{dickson                 =       {Leonard Eugene Dickson}}
@string{dill                    =       {Dill, David L.}}
@string{dinneen			=	{Michael J. Dinneen}}
@string{dixon			=	{John D. Dixon}}
@string{doleans-dade	        =	{Catherine A. Dol{\'e}ans-Dade}}
@string{dorso                   =       {Julien d'Orso}}
@string{doyen			=	{Laurent Doyen}}
@string{dsouza                  =       {D'Souza, Deepak}}
@string{durett			=	{Richard Durett}}
@string{dziembowski		=	{Stefan Dziembowski}}

@string{ehlers                  =       {Ehlers, R{\"u}diger}}
@string{elgot			=	{Calvin C. Elgot}}
@string{elbassioni		=	{Khaled Elbassioni}}
@string{ehrenfeucht		=	{Andrzej Ehrenfeucht}}
@string{emerson			=	{E. Allen Emerson}}
@string{esparza                 =       {Javier Esparza}}
@string{etessami		=	{Kousha Etessami}}
@string{everett		=	{H. Everett}}

@string{fabrikant		=	{Alex Fabrikant}}
@string{faella			=	{Marco Faella}}
@string{fahrenberg              =       {Uli Fahrenberg}}
@string{fang                    =       {Fang, Erwin}}
@string{fearnley                =       {John Fearnley}}
@string{ferguson                =       {Thomas S. Ferguson}}
@string{felli                   =       {Paolo Felli}}
@string{fijalkow		=	{Nathana{\"e}l Fijalkow}}
@string{filar                   =       {Filar, Jerzy}}
@string{filiot                  =       {Filiot, Emmanuel}}
@string{finkel			=	{Alain Finkel}}
@string{fischer			=	{Diana Fischer}}
@string{fischerp                =       {Patrick C. Fischer}}
@string{fleury                  =       {Emmanuel Fleury}}
@string{fraisse                 =       {Roland Fra{\"i}ss{\'e}}}
@string{friedmann               =       {Oliver Friedmann}}

@string{gabor	                =       {Rudolph Gabor}}
@string{gale                    =       {David Gale}}
@string{galmiche                =       {Didier Galmiche}}
@string{ganty                   =       {Pierre Ganty}}
@string{garling                 =       {David J. H. Garling}}
@string{gastin			=	{Paul Gastin}}
@string{gaubert                 =       {St{\'e}phane Gaubert}}
@string{gawlitza		=	{Thomas Martin Gawlitza}}
@string{gawrychowski		=	{Pawe{\l} Gawrychowski}}
@string{geeraerts		=	{Gilles Geeraerts}}
@string{genest			=	{Blaise Genest}}
@string{Gentilini		=	{Rafaella Gentilini}}
@string{gillette		=	{Dean Gillette}}
@string{gimbert			=	{Hugo Gimbert}}
@string{goldberg		=	{Paul Goldberg}}
@string{goldreich		=	{Oded Goldreich}}
@string{gonzaga			= 	{Clovis C. Gonzaga}}
@string{graedel			=	{Erich Gr{\"a}del}}
@string{greibach                =       {Sheila A. Greibach}}
@string{gries			=	{David Gries}}
@string{gripon			=	{Vincent Gripon}}
@string{groesser		=	{Marcus Groesser}}
@string{grumberg		=	{Orna Grumberg}}
@string{gurevich		=	{Yuri Gurevich}}
@string{gurvich			=	{Vladimir Gurvich}}

@string{habermehl               =       {Peter Habermehl}}
@string{haddadA                 =       {Axel Haddad}}
@string{haddadS                 =       {Serge Haddad}}
@string{hague			=	{Matthew Hague}}
@string{halman			=	{Nir Halman}}
@string{hansen			=	{Kristoffer Arnsfelt Hansen}}
@string{harrington		=	{Leo Harrington}}
@string{hartonas		=	{Vassili Hartonas-Garmhausen}}
@string{hautem		 	=	{Quentin Hautem}}
@string{hausdorff	 	=	{Felix Hausdorff}}
@string{henzinger		=	{Thomas A. Henzinger}}
@string{henzingerm		=	{Monika Henzinger}}
@string{hermanns		=	{Holger Hermanns}}
@string{hoffman			=	{Alan J. Hoffman}}
@string{hofman			=	{Piotr Hofman}}
@string{hollanders			=	{Romain Hollanders}}
@string{hopcroft                =       {John E. Hopcroft}}
@string{hordijk			=	{Arie Hordijk}}
@string{horn 			=	{Florian Horn}}
@string{howard			=	{Ronald A. Howard}}
@string{hunter			=	{Paul Hunter}}
@string{hutten			=	{Patrick H{\"u}tten}}

@string{ishihara		=	{Hajime Ishihara}}

@string{jain			=	{Sanjay Jain}}
@string{jancar                  =       {Petr Jan{\v{c}}ar}}
@string{janin			=	{David Janin}}
@string{jayasimha		=	{D. N. Jayasimha}}
@string{jaziri                  =       {Jaziri, Samy}}
@string{jensen			=	{Peter Gj{\o}l Jensen}}
@string{jensen.j                =       {Jensen, Jonas Finnemann}}
@string{jensen.jj               =       {Jensen, Jan J.}}
@string{jhala			=	{Ranjit Jhala}}
@string{jinmei			=	{Tatuya Jinmei}}
@string{jonsson			=	{Bengt Jonsson}}
@string{joswig                  =       {Joswig, Michael}}
@string{juhl			=	{Line Juhl}}
@string{jungers			=	{Rapha\"el M. Jungers}}
@string{jurdzinski		=	{Marcin Jurdzi{\'n}ski}}
@string{jutla			=	{Charanjit S. Jutla}}

@string{kaiser			=	{{\L}ukasz Kaiser}}
@string{kallenberg		=	{L.C.M. Kallenberg}}
@string{karmarkar		=	{Narendra Karmarkar}}
@string{kanovich                =       {Max I. Kanovich}}
@string{karp			=	{Richard M. Karp}}
@string{katoen			=	{Joost-Pieter Katoen}}
@string{khachiyan		=	{Leonid G. Khachiyan}}
@string{khoussainov		=	{Bakhadyr Khoussainov}}
@string{kiefer                  =       {Stefan Kiefer}}
@string{klarlund		=	{Nils Klarlund}}
@string{kohlberg		=	{Elon Kohlberg}}
@string{konig			=	{D{\'e}nes K{\"o}nig}}
@string{kopczynski		=	{Eryk Kopczy{\'n}ski}}
@string{kosaraju                =       {S. Rao Kosaraju}}
@string{kozen			=	{Dexter Kozen}}
@string{kruskal                 =       {Joseph B. Kruskal}}
@string{kucera                  =       {Anton{\'i}n Ku{\v{c}}era}}
@string{kuhn			=	{Harold W. Kuhn}}
@string{kumar			=	{Panganamala R. Kumar}}
@string{kupferman		=	{Orna Kupferman}}
@string{kwiatkowska		=	{Marta Z. Kwiatkowska}}

@string{lachish                 =       {Oded Lachish}}
@string{ladner			=	{Richard E. Ladner}}
@string{lambert                 =       {Jean-Luc Lambert}}
@string{landweber		=	{Lawrence H. Landweber}}
@string{larchey                 =       {Dominique Larchey-Wendling}}
@string{laroussinie             =       {Fran{\c{c}}ois Laroussinie}}
@string{larsen                  =       {Kim G. Larsen}}
@string{lasota                  =       {S{\l}awomir Lasota}}
@string{laursen                 =       {Simon Laursen}}
@string{lazic			=	{Ranko Lazi{\'c}}}
@string{legay			=	{Axel Legay}}
@string{lehtinen		=	{Kaorliina Lehtinen}}
@string{lei			=	{Chin-Laung Lei}}
@string{leiserson		= 	{Charles E. Leiserson}}
@string{lerman			=	{Benjamin Lerman}}
@string{leroux			=	{J{\'e}r{\^o}me Leroux}}
@string{lerouxs			=	{St{\'e}phane {Le Roux}}}
@string{lescow			=	{Helmut Lescow}}
@string{li			=	{Wei Li}}
@string{lifshits                =       {Lifshits, Yuri M.}}
@string{liggett			=	{Thomas M. Liggett}}
@string{lime			=	{Didier Lime}}
@string{lincoln                 =       {Patrick Lincoln}}
@string{lippman			=	{Steven A Lippman}}
@string{lipton                  =       {Richard J. Lipton}}
@string{liu                     =       {Liu, Xinxin}}
@string{loding			=	{Christof L{\"o}ding}}
@string{logan                   =       {Brian Logan}}
@string{lonvick			=	{Chris Lonvick}}
@string{ludwig			=	{Walter Ludwig}}

@string{madhusudan		=	{Parthasarathy Madhusudan}}
@string{maitra			=	{Ashok P. Maitra}}
@string{majumdar		=	{Rupak Majumdar}}
@string{maler			=	{Oded Maler}}
@string{mang			=	{Freddy Y. C. Mang}}
@string{manna			=	{Zohar Manna}}
@string{markey			=	{Nicolas Markey}}
@string{martin			=	{Donald A. Martin}}
@string{mattmuller              =       {Mattm{\"u}ller, Robert}}
@string{matousek		=	{Ji\v{r}\'i Matou\v{s}ek}}
@string{mayr                    =       {Ernst W. Mayr}}
@string{mayrr                   =       {Richard Mayr}}
@string{mazowiecki              =       {Filip Mazowiecki}}
@string{mazurkiewicz		=	{Antoni W. Mazurkiewicz}}
@string{mackenzie		=	{Allen B. MacKenzie}}
@string{mciver			=	{Annabelle McIver}}
@string{mcmillan		=	{Kenneth L. McMillan}}
@string{mcnaughton		=	{Robert McNaughton}}
@string{megiddo                 =       {Nimrod Megiddo}}
@string{menasche                =       {Menasche, Miguel}}
@string{mertens			=	{Jean-Fran{\c{c}}ois Mertens}}
@string{meyer			=	{Antoine Meyer}}
@string{meyerar                 =       {Albert R. Meyer}}
@string{micali			=	{Silvio Micali}}
@string{mikucionis              =       {Miku{\v{c}}ionis, Marius}}
@string{miltersen		=	{Peter Bro Miltersen}}
@string{mitchell                =       {John Mitchell}}
@string{minsky  		=	{Marvin L. Minsky}}
@string{mogavero		=	{Fabio Mogavero}}
@string{mohalik			=	{Swarup Mohalik}}
@string{monmege			=	{Benjamin Monmege}}
@string{morgan			=	{Carroll Morgan}}
@string{morgenstern		=	{O. Morgenstern}}
@string{moro			=	{Pierre Moro}}
@string{morvan			=	{R{\'{e}}mi Morvan}}
@string{mostowski		=	{Andrzej W. Mostowski}}
@string{muller			=	{David E. Muller}}
@string{murano			=	{Aniello Murano}}
@string{murawski		=	{Andrzej S. Murawski}}
@string{muscholl		=	{Anca Muscholl}}
@string{mycielski		=	{Jan Mycielski}}

@string{narten			=	{Thomas Narten}}
@string{nash			=	{John F. Nash}}
@string{nerode			=	{Anil Nerode}}
@string{neumann 		=	{Jakub Neumann}}
@string{neyman			=	{Abraham Neyman}}
@string{nilsson			=	{Marcus Nilsson}}
@string{niskanen                =       {Reino Niskanen}}
@string{niwinski		=	{Damian Niwinski}}
@string{norris			=	{J.R. Norris}}
@string{novotny			=	{Petr Novotn\'y}}

@string{ohlmann			=	{Pierre Ohlmann}}
@string{ong			=	{C.-H. Luke Ong}}
@string{osicka                  =       {Petr Osi\v{c}ka}}
@string{ostergaard              =       {{\O}stergaard, Lars K{\ae}rlund}}
@string{oualhadj		=	{Youssouf Oualhadj}}
@string{owicki			=	{Susan S. Owicki}}

@string{parthasarathy                 =       {T. Parthasarathy}}
@string{pansiot                 =       {Jean-Jacques Pansiot}}
@string{papadimitriou		=	{Christos H. Papadimitriou}}
@string{park			=	{Seungjoon Park}}
@string{parys			=	{Pawe{\l} Parys}}
@string{paterson		=	{Mike Paterson}}
@string{pauly	                =       {Arno Pauly}}
@string{pavlov                  =       {Pavlov, Dmitri S.}}
@string{paz			=	{Azaria Paz}}
@string{perelli			=	{Giuseppe Perelli}}
@string{perez                   =       {Guillermo A. P\'erez}}
@string{peter                   =       {Peter, Hans=J{\"o}rg}}
@string{petit                   =       {Petit, Antoine}}
@string{petri                   =       {Carl Adam Petri}}
@string{petrucci		=	{Laure Petrucci}}
@string{piterman		=	{Nir Piterman}}
@string{potapov                 =       {Igor Potapov}}
@string{pnueli			=	{Amir Pnueli}}
@string{prabhu                  =       {Prabhu, Vinayak S.}}
@string{puri			=	{Anuj Puri}}
@string{puterman		=	{Martin L. Puterman}}

@string{queille			=	{Jean-Pierre Queille}}

@string{rabin			=	{Michael O. Rabin}}
@string{rabinovich		=	{Alexander Rabinovich}}
@string{rackoff                 =       {Charles Rackoff}}
@string{ramadge			=	{Peter J. Ramadge}}
@string{randour                 =       {Mickael Randour}}
@string{raskin			=	{Jean-Fran{\c{c}}ois Raskin}}
@string{reichert                =       {Julien Reichert}}
@string{remmel			=	{Jeffrey B. Remmel}}
@string{renegar			=	{James Renegar}}
@string{reynier	                =       {Pierre-Alain Reynier}}
@string{rivest			= 	{Ronald L. Rivest}}
@string{rizzi                   =       {Rizzi, Romeo}}
@string{rosenberg               =       {Arnold L. Rosenberg}}
@string{rosenthal 		=       {Jeffrey S. Rosenthal}}
@string{rosner			=	{Roni Rosner}}
@string{roughgarden		=	{Tim Roughgarden}}
@string{rr			=	{George R.R. Martin}}
@string{rubin			=	{Sasha Rubin}}
@string{rudolf			=	{Gabor Rudolf}}
@string{rutkowski		=	{Micha{\l} Rutkowski}}
@string{ryan			=	{Mark Ryan}}

@string{samuelides              =       {Mathias Samuelides}}
@string{sandberg                =       {Sven Sandberg}}
@string{sangnier                =       {Arnaud Sangnier}}
@string{sankur       	        =       {Ocan Sankur}}
@string{sassolas                =       {Mathieu Sassolas}}
@string{savitch 		= 	{Walter J. Savitch}}
@string{sawa                    =       {Zden{\v{e}}k Sawa}}
@string{scedrov                 =       {Andre Scedrov}}
@string{schneider		=	{Fred B. Schneider}}
@string{schewe			=	{Sven Schewe}}
@string{schmitz                 =       {Sylvain Schmitz}}
@string{schnoebelen             =       {Phhilippe Schnoebelen}}
@string{schobbens		=	{Pierre-Yves Schobbens}}
@string{schuller		=	{Rebecca A. Schuller}}
@string{schwentick		=	{Thomas Schwentick}}
@string{segoufin		=	{Luc Segoufin}}
@string{seidl			=	{Helmut Seidl}}
@string{serre			=	{Olivier Serre}}
@string{shapley			=	{Lloyd S. Shapley}}
@string{shankar                 =       {Narayan Shankar}}
@string{shiau			=	{Tzong-Huei Shiau}}
@string{shomrat			=	{Amit Shomrat}}
@string{sifakis			=	{Joseph Sifakis}}
@string{sistla			=	{A. Prasad Sistla}}
@string{smolka                  =       {Smolka, Scott A.}}
@string{somla			=	{Rafal Somla}}
@string{sorensen		=	{Troels Bjerre S{\o}rensen}}
@string{sorensenm		=	{Mathias Grund S{\o}rensen}}
@string{sorin			=	{Sylvain Sorin}}
@string{sproston                =       {Jeremy Sproston}}
@string{srba                    =       {Ji{\v{r}}{\'i} Srba}}
@string{stan			=	{Daniel Stan}}
@string{staiger			=	{Ludwig Staiger}}
@string{stein			= 	{Cliffor Stein}}
@string{stephan			=	{Frank Stephan}}
@string{stewart  		=	{F.M. Stewart}}
@string{stirling		=	{Colin Stirling}}
@string{streett			=	{Robert S. Streett}}
@string{stoelinga		=	{Marielle Stoelinga}}
@string{sudderth		=	{William D. Sudderth}}
@string{sullivan                =       {Gregory Sullivan}}
@string{sutre			=	{Gr{\'e}goire Sutre}}
@string{sutton			=	{Richard S. Sutton}}
@string{szepietowski		=	{Andrzej Szepietowski}}
@string{sznadjer                =       {Nathalie Sznadjer}}

@string{taankvist               =       {Taankvist, Jakob Haar}}
@string{talwar			=	{Kunal Talwar}}
@string{taankvist		=	{Jakob Haahr Taankvist}}}
@string{tencate			=	{Balder {t}en Cate}}
@string{thiagarajan		=	{P.S. Thiagarajan}}
@string{thomas			=	{Wolfgang Thomas}}
@string{thomson			=	{Susan Thomson}}
@string{touili			=	{Tayssir Touili}}
@string{traonouez               =       {Traonouez, Louis-Marie}}
@string{tripakis                =       {Tripakis, Stavros}}
@string{tsay                    =       {Yih-Kuen Tsay}}
@string{tseng                   =       {Paul Tseng}}
@string{tsitsiklis              =       {John N. Tsitsiklis}}

@string{ummels			=	{Michael Ummels}}
@string{urquhart                =       {Alasdair Urquhart}}

@string{vardi			=	{Moshe Y. Vardi}}
@string{vanbegin                =       {Laurent Van Begin}}
@string{velner                  =       {Yaron Velner}}
@string{voge			=	{Jens V{\"o}ge}}
@string{vonneumann		=	{John {v}on Neumann}}
@string{vorobyov		=	{Sergei Vorobyov}}
@string{vrieze    		=	{Koos Vrieze}}

@string{wagner			=	{Klaus W. Wagner}}
@string{walker   		=	{David Walker}}
@string{wallmeier		=	{Nico Wallmeier}}
@string{walukiewicz		=	{Igor Walukiewicz}}
@string{wasowski                =       {W{\k a}sowski, Andrzej}}
@string{wicker			=	{Stephen B. Wicker}}
@string{wigderson		=	{Avi Wigderson}}
@string{wilke			=	{Thomas Wilke}}
@string{williams		=	{David Williams}}
@string{wojtczak		=	{Dominik Wojtczak}}
@string{wolper			=	{Pierre Wolper}}
@string{wonham			=	{W. M. Wonham}}

@string{yakhnis			=	{Alexander Yakhnis}}
@string{yang			=	{Shaofa Yang}}
@string{yannakakis		=	{Mihalis Yannakakis}}
@string{ye		        =	{Yinyu Ye}}
@string{yi                      =       {Yi, Wang}}
@string{ylonen			=	{Tatu Ylonen}}

@string{zhao			=	{Jihui Zhao}}
@string{zeitoun			=	{Marc Zeitoun}}
@string{zermelo			=	{Ernst Zermelo}}
@string{zielonka		=	{Wies{\l}aw Zielonka}}
@string{zimmermann		=	{Martin Zimmermann}}
@string{zwick			=	{Uri Zwick}}
@article{Alur&Dill:1994,
  author =        alur #{ and }# dill,
  chap   = {9},
  title =         {A Theory of Timed Automata},
  publisher =     elsevier,
  journal =       tcs,
  volume =        {126},
  number =        {2},
  pages =         {183-235},
  year =          {1994}
}

@inproceedings{Dil90,
  author =        {Dill, David L.},
  chap   = {9},
  title =         {Timing Assumptions and Verification of Finite-State
                   Concurrent Systems},
  booktitle =     avmfss,
  editor =        {Sifakis, Joseph},
  publisher =     springer,
  series =        lncs,
  volume =        {407},
  pages =         {197-212},
  year =          {1990},
}


@mastersthesis{Sor14,
  author =        {S{\o}rensen, Mathias Grund},
  chap   = {9},
  title =         {Controller synthesis for home automation},
  year =          {2014},
  school =        {Computer Science Department, Aalborg University, Denmark},
}


@inproceedings{TA99,
  author =        {Tripakis, Stavros and Altisen, Karine},
  chap   = {9},
  title =         {On-the-Fly Controller Synthesis for Discrete and
                   Dense-Time Systems},
  booktitle =     {{P}roceedings of the {W}orld {C}ongress on {F}ormal
                   {M}ethods ({FM}'99)},
  editor =        {Wing, Jeannette M. and Woodcock, Jim and Davies, Jim},
  publisher =     {Springer-Verlag},
  series =        {Lecture Notes in Computer Science},
  volume =        {1708},
  pages =         {233-252},
  year =          {1999},
  month =         sep,
  sort-month =    {090},
  acronym =       {{FM}'99},
}


@inproceedings{ORS14,
  author =        {Oualhadj, Youssouf and Reynier, Pierre-Alain and
                   Sankur, Ocan},
  title =         {Probabilistic Robust Timed Games},
  booktitle =     {{P}roceedings of the 25th {I}nternational
                   {C}onference on {C}oncurrency {T}heory ({CONCUR}'14)},
  editor =        {Baldan, Paolo and Gorla, Daniele},
  publisher =     {Springer-Verlag},
  series =        {Lecture Notes in Computer Science},
  volume =        {8704},
  pages =         {203-217},
  year =          {2014},
  month =         sep,
  sort-month =    {090},
  DOI =           {10.1007/978-3-662-44584-6_15},
  acronym =       {{CONCUR}'14},
}

@inproceedings{JLSO13,
  author =        {Jensen, Jonas Finnemann and Larsen, Kim Guldstrand and
                   Srba, Ji{\v r}{\'\i} and
                   {\O}stergaard, Lars K{\ae}rlund},
  title =         {Local Model Checking of Weighted {CTL} with
                   Upper-Bound Constraints},
  booktitle =     {{P}roceedings of the 20th {I}nternational {S}ymposium
                   on {M}odel-{C}herking {S}oftware ({SPIN}'13)},
  editor =        {Bartocci, Ezio and Ramakrishnan, C. R.},
  publisher =     {Springer-Verlag},
  series =        {Lecture Notes in Computer Science},
  volume =        {7976},
  pages =         {178-195},
  year =          {2013},
  month =         jul,
  sort-month =    {070},
  DOI =           {10.1007/978-3-642-39176-7_12},
  acronym =       {{SPIN}'13},
}


@inproceedings{BFM15,
  author =        {Bouyer, Patricia and Fang, Erwin and Markey, Nicolas},
  chap   = {9},
  title =         {Permissive strategies in timed automata and games},
  booktitle =     {{P}roceedings of the 15th {I}nternational {W}orkshop
                   on {A}utomated {V}erification of {C}ritical {S}ystems
                   ({AVOCS}'15)},
  editor =        {Grov, Gudmund and Ireland, Andrew},
  publisher =     {European Association of Software Science and
                   Technology},
  series =        {Electronic Communications of the EASST},
  volume =        {72},
  year =          {2015},
  month =         sep,
  sort-month =    {090},
}

@article{BMS15,
  author =        {Bouyer, Patricia and Markey, Nicolas and
                   Sankur, Ocan},
  title =         {Robust Reachability in Timed Automata and Games:
                   A~Game-based Approach},
  publisher =     {Elsevier},
  journal =       {Theoretical Computer Science},
  volume =        {563},
  pages =         {43-74},
  year =          {2015},
  month =         jan,
  sort-month =    {010},
}

@article{LLTW14,
  author =        {Larsen, Kim Guldstrand and Legay, Axel and
                   Traonouez, Louis-Marie and W{\k a}sowski, Andrzej},
  title =         {Robust synthesis for real-time systems},
  publisher =     {Elsevier},
  journal =       {Theoretical Computer Science},
  volume =        {515},
  pages =         {96-122},
  year =          {2014},
  month =         jan,
  sort-month =    {010},
}

@inproceedings{DJLMT15,
  author =        {David, Alexandre and Jensen, Peter Gj{\o}l and
                   Larsen, Kim Guldstrand and Miku{\v{c}}ionis, Marius and
                   Taankvist, Jakob Haar},
  title =         {Uppaal Stratego},
  booktitle =     {{P}roceedings of the 21st {I}nternational
                   {C}onference on {T}ools and {A}lgorithms for
                   {C}onstruction and {A}nalysis of {S}ystems
                   ({TACAS}'15)},
  editor =        {Baier, {\relax Ch}ristel and Tinelli, Cesare},
  publisher =     {Springer-Verlag},
  series =        {Lecture Notes in Computer Science},
  volume =        {9035},
  pages =         {206-211},
  year =          {2015},
  month =         apr,
  sort-month =    {040},
  DOI =           {10.1007/978-3-662-46681-0_16},
  acronym =       {{TACAS}'15},
}

@inproceedings{CJLRR09,
  author =              {Cassez, Franck and Jensen, Jan J. and Larsen, Kim
                         Guldstrand and Raskin, Jean-Fran{\c c}ois and
                         Reynier, Pierre-Alain},
  title =               {Automatic Synthesis of Robust and Optimal
                         Controllers~-- An~Industrial Case Study},
  editor =              {Majumdar, Rupak and Tabuada, Paulo},
  booktitle =           {{P}roceedings of the 12th {I}nternational {W}orkshop
                         on {H}ybrid {S}ystems: {C}omputation and {C}ontrol
                         ({HSCC}'09)},
  acronym =             {{HSCC}'09},
  publisher =           {Springer-Verlag},
  series =              {Lecture Notes in Computer Science},
  volume =              {5469},
  pages =               {90-104},
  year =                {2009},
  month =               apr,
}

@inproceedings{EMP10,
  author =        {Ehlers, R{\"u}diger and Mattm{\"u}ller, Robert and
                   Peter, Hans-J{\"o}rg},
  title =         {Combining Symbolic Representations for Solving Timed
                   Games},
  booktitle =     {{P}roceedings of the 8th {I}nternational
                   {C}onferences on {F}ormal {M}odelling and {A}nalysis
                   of {T}imed {S}ystems ({FORMATS}'10)},
  editor =        {Chatterjee, Krishnendu and Henzinger, Thomas A.},
  publisher =     {Springer-Verlag},
  series =        {Lecture Notes in Computer Science},
  volume =        {6246},
  pages =         {107-212},
  year =          {2010},
  month =         sep,
  sort-month =    {090},
  DOI =           {10.1007/978-3-642-15297-9_10},
  acronym =       {{FORMATS}'10},
}

@InProceedings{PEM11,
  author =       {Hans-J{\"o}rg Peter and R{\"u}diger Ehlers and
                  Robert Mattm{\"u}ller},
  title =        {Synthia: Verification and Synthesis for Timed Automata},
  year =         2011,
  booktitle =    {Proceedings of the 23rd International Conference
                  on Computer Aided Verification ({CAV}'11)},
  acronym =      "{CAV}'11",
  series =       {Lecture Notes in Computer Science},
  volume =       {6806},
  pages =        {649-655},
  editor =       {Ganesh Gopalakrishnan and Shaz Qadeer},
  publisher =    {Springer-Verlag},
  doi =          {10.1007/978-3-642-22110-1_52},
}


@article{BBM06,
  author =              {Bouyer, Patricia and Brihaye, {\relax Th}omas and
                         Markey, Nicolas},
  title =               {Improved Undecidability Results on Weighted Timed
                         Automata},
  publisher =           {Elsevier},
  journal =             {Information Processing Letters},
  volume =              {98},
  number =              {5},
  pages =               {188-194},
  year =                {2006},
  month =               jun,
  doi =                 {10.1016/j.ipl.2006.01.012},
  }

@inproceedings{BBR05,
  author =              {Brihaye, {\relax Th}omas and Bruy{\`e}re,
  chap   = {9},
                         V{\'e}ronique and Raskin, Jean-Fran{\c c}ois},
  title =               {On Optimal Timed Strategies},
  editor =              {Pettersson, Paul and Yi, Wang},
  booktitle =           {{P}roceedings of the 3rd {I}nternational
                         {C}onferences on {F}ormal {M}odelling and {A}nalysis
                         of {T}imed {S}ystems ({FORMATS}'05)},
  acronym =             {{FORMATS}'05},
  publisher =           {Springer-Verlag},
  series =              {Lecture Notes in Computer Science},
  volume =              {3829},
  pages =               {49-64},
  year =                {2005},
  month =               sep,
  doi =                 {10.1007/11603009_5},
}


@inproceedings{BLMR06,
  author =              {Bouyer, Patricia and Larsen, Kim Guldstrand and
                         Markey, Nicolas and Rasmussen, Jacob Illum},
  title =               {Almost Optimal Strategies in One-Clock Priced Timed
                         Automata},
  editor =              {Arun-Kumar, S. and Garg, Naveen},
  booktitle =           {{P}roceedings of the 26th {C}onference on
                         {F}oundations of {S}oftware {T}echnology and
                         {T}heoretical {C}omputer {S}cience ({FSTTCS}'06)},
  acronym =             {{FSTTCS}'06},
  publisher =           {Springer-Verlag},
  series =              {Lecture Notes in Computer Science},
  volume =              {4337},
  pages =               {345-356},
  year =                {2006},
  month =               dec,
  doi =                 {10.1007/11944836_32},
}

@inproceedings{BJM15,
  author =              {Bouyer, Patricia and Jaziri, Samy and Markey,
  chap   = {9},
                         Nicolas},
  title =               {On~the Value Problem in Weighted Timed Games},
  editor =              {Aceto, Luca and de Frutos{-}Escrig, David},
  booktitle =           {{P}roceedings of the 26th {I}nternational
                         {C}onference on {C}oncurrency {T}heory
                         ({CONCUR}'15)},
  acronym =             {{CONCUR}'15},
  publisher =           {Leibniz-Zentrum f{\"u}r Informatik},
  series =              {Leibniz International Proceedings in Informatics},
  volume =              {42},
  pages =               {311-324},
  year =                {2015},
  month =               sep,
  doi =                 {10.4230/LIPIcs.CONCUR.2015.311},
}

@inproceedings{CDLLR07,
  author =              {Cassez, Franck and David, Alexandre and Larsen, Kim
                         Guldstrand and Lime, Didier and Raskin, Jean-Fran{\c
                         c}ois},
  title =               {Timed Control with Observation Based and Stuttering
                         Invariant Strategies},
  editor =              {Namjoshi, Kedar and Yoneda, Tomohiro and Higashino,
                         Teruo and Okamura, Yoshio},
  booktitle =           {{P}roceedings of the 5th {I}nternational {S}ymposium
                         on {A}utomated {T}echnology for {V}erification and
                         {A}nalysis ({ATVA}'07)},
  acronym =             {{ATVA}'07},
  publisher =           {Springer-Verlag},
  series =              {Lecture Notes in Computer Science},
  volume =              {4762},
  pages =               {192-206},
  year =                {2007},
  month =               oct,
  doi =                 {10.1007/978-3-540-75596-8_15},
}


@inproceedings{BDMP03,
  author =              {Bouyer, Patricia and D'Souza, Deepak and Madhusudan,
  chap   = {9},
                         Parthasarathy and Petit, Antoine},
  title =               {Timed Control with Partial Observability},
  editor =              {Hunt, Jr, Warren A. and Somenzi, Fabio},
  booktitle =           {{P}roceedings of the 15th {I}nternational
                         {C}onference on {C}omputer {A}ided {V}erification
                         ({CAV}'03)},
  acronym =             {{CAV}'03},
  publisher =           {Springer-Verlag},
  series =              {Lecture Notes in Computer Science},
  volume =              {2725},
  pages =               {180-192},
  year =                {2003},
  month =               jul,
}

@inproceedings{MPS95,
  author =              {Maler, Oded and Pnueli, Amir and Sifakis, Joseph},
  chap   = {9},
  title =               {On the Synthesis of Discrete Controllers for Timed
                         Systems (An~Extended Abstract)},
  editor =              {Mayr, Ernst W. and Puech, Claude},
  booktitle =           {{P}roceedings of the 12th {S}ymposium on
                         {T}heoretical {A}spects of {C}omputer {S}cience
                         ({STACS}'95)},
  acronym =             {{STACS}'95},
  publisher =           {Springer-Verlag},
  series =              {Lecture Notes in Computer Science},
  volume =              {900},
  pages =               {229-242},
  year =                {1995},
  month =               mar,
}

@inproceedings{AMPS98,
  author =              {Asarin, Eugene and Maler, Oded and Pnueli, Amir and
                         Sifakis, Joseph},
  title =               {Controller Synthesis for Timed Automata},
  booktitle =           {{P}roceedings of the 5th {IFAC} {C}conference on
                         {S}ystem {S}tructure and {C}ontrol ({SSC}'98)},
  acronym =             {{SSC}'98},
  publisher =           {Elsevier},
  pages =               {469-474},
  year =                {1998},
  month =               jul,
}

@inproceedings{BCD+07,
  author =              {Behrmann, Gerd and Cougnard, Agn{\`e}s and David,
  chap   = {9},
                         Alexandre and Fleury, Emmanuel and Larsen, Kim
                         Guldstrand and Lime, Didier},
  title =               {{UPPAAL-Tiga}: Time for Playing Games!},
  editor =              {Damm, Werner and Hermanns, Holger},
  booktitle =           {{P}roceedings of the 19th {I}nternational
                         {C}onference on {C}omputer {A}ided {V}erification
                         ({CAV}'07)},
  acronym =             {{CAV}'07},
  publisher =           {Springer-Verlag},
  series =              {Lecture Notes in Computer Science},
  volume =              {4590},
  pages =               {121-125},
  year =                {2007},
  month =               jul,
}

@inproceedings{AFHMS03,
  author =              {de Alfaro, Luca and Faella, Marco and Henzinger,
  chap   = {9},
                         Thomas A. and Majumdar, Rupak and Stoelinga,
                         Mari{\"e}lle},
  title =               {The Element of Surprise in Timed Games},
  editor =              {Amadio, Roberto and Lugiez, Denis},
  booktitle =           {{P}roceedings of the 14th {I}nternational
                         {C}onference on {C}oncurrency {T}heory
                         ({CONCUR}'03)},
  acronym =             {{CONCUR}'03},
  publisher =           {Springer-Verlag},
  series =              {Lecture Notes in Computer Science},
  volume =              {2761},
  pages =               {142-156},
  year =                {2003},
  month =               aug,
}


@inproceedings{BM83,
  author =        {Berthomieu, Bernard and Menasche, Miguel},
  chap   = {9},
  title =         {An Enumerative Approach for Analyzing Time {P}etri
                   Nets},
  booktitle =     {{I}nformation {P}rocessing~83~-- {P}roceedings of the
                   9th {IFIP} {W}orld {C}omputer {C}ongress ({WCC}'83)},
  editor =        {Mason, R. E. A.},
  publisher =     {North-Holland/IFIP},
  pages =         {41-46},
  year =          {1983},
  month =         sep,
  sort-month =    {090},
	acronym =       {{WCC}'83},
	available =     {1},
}

@inproceedings{CDFLL05,
  author =              {Cassez, Franck and David, Alexandre and Fleury,
  chap   = {9},
                         Emmanuel and Larsen, Kim Guldstrand and Lime,
                         Didier},
  title =               {Efficient On-the-fly Algorithms for the Analysis of
                         Timed Games},
  editor =              {Abadi, Mart{\'\i}n and de Alfaro, Luca},
  booktitle =           {{P}roceedings of the 16th {I}nternational
                         {C}onference on {C}oncurrency {T}heory
                         ({CONCUR}'05)},
  acronym =             {{CONCUR}'05},
  publisher =           {Springer-Verlag},
  series =              {Lecture Notes in Computer Science},
  volume =              {3653},
  pages =               {66-80},
  year =                {2005},
  month =               aug,
  doi =                 {10.1007/11539452_9},
  note = "Full version available at \url{https://hal.archives-ouvertes.fr/hal-00350475}",
}

@inproceedings{LS98,
  author =              {Liu, Xinxin and Smolka, Scott A.},
  chap   = {9},
  title =               {Simple Linear-Time Algorithms for Minimal Fixed
                         Points},
  editor =              {Larsen, Kim Guldstrand and Skyum, Sven and Winskel,
                         Glynn},
  booktitle =           {{P}roceedings of the 25th {I}nternational
                         {C}olloquium on {A}utomata, {L}anguages and
                         {P}rogramming ({ICALP}'98)},
  acronym =             {{ICALP}'98},
  publisher =           {Springer-Verlag},
  series =              {Lecture Notes in Computer Science},
  volume =              {1443},
  pages =               {53-66},
  year =                {1998},
  month =               jul,
}

@inproceedings{CHP08,
  author =             "Chatterjee, Krishnendu  and Henzinger, Thomas A. and Prabhu, Vinayak S.",
  chap   = {9},
  title =              "Trading Infinite Memory for Uniform Randomness 
                       in Timed Games",
  OPTeditor =             "Egerstedt, Magnus and Mishra, Bud",
  booktitle =          {Proceedings of the International Workshop on Hybrid Systems: Computation and Control, HSCC'08},
  pages =         {87-100},
  publisher =     {Springer-Verlag},
  series =        {Lecture Notes in Computer Science},
  volume =        {4981},
  year =          {2008},
  doi =           {10.1007/978-3-540-78929-1_7},
}

@incollection{BY04,
  author =              "Bengtsson, Johan and Yi, Wang",
  chap   = {9},
  title =               {Timed Automata: Semantics, Algorithms and Tools},
  editor =              {Desel, J{\"o}rg and Reisig, Wolfgang and Rozenberg,
                         Grzegorz},
  booktitle =           {Lectures on Concurrency and {P}etri Nets},
  publisher =     {Springer-Verlag},
  series =        {Lecture Notes in Computer Science},
  volume =              {2098},
  pages =               {87-124},
  year =                {2004},
  doi =                 {10.1007/b98282},
}
