@article{Allamigeon&Benchimol&al:2014,
	Author =    allamigeon # { and } # benchimol # { and } # gaubert #{ and } # joswig,
	Journal = {SIAM Journal on Optimization},
	Number = {4},
	Pages = {2096-2117},
	Title = {Combinatorial Simplex Algorithms Can Solve Mean Payoff Games},
	Volume = {24},
	Year = 2014}

@article{Aminof&Rubin:2017,
	Author = aminof #{ and }# rubin,
	Journal = ic,
	Pages = {195--216},
	Title = {First-Cycle Games},
	Volume = {254},
	Year = 2017}

@article{Brihaye&Geeraerts&HaddadA&Monmege:2017,
	Author = brihaye #{ and }# geeraerts #{ and }# haddadA #{ and }# monmege,
	Title = {Pseudopolynomial Iterative Algorithm to Solve Total-Payoff Games and Min-Cost Reachability Games},
	Journal = acta,
	Number = {1},
	Pages = {85--125},
	Volume = {54},
	Year = 2017}

@article{Brim&Chaloupka&Doyen&Gentilini&Raskin:2011,
	Author = brim #{ and }# chaloupka #{ and }# doyen #{ and }# gentilini #{ and }# raskin,
	Journal = fmsd,
	Number = {2},
	Pages = {97--118},
	Title = {Faster Algorithms for Mean-Payoff Games},
	Volume = {38},
	Year = 2011}

@article{Bjorklund&Sandberg&Vorobyov:2004,
	Author = bjorklund #{ and }# sandberg #{ and }# vorobyov,
	Journal = tcs,
	Pages = {365--378},
	Title = {Memoryless Determinacy of Parity and Mean Payoff Games: a Simple Proof},
	Volume = {310},
	Year = 2004}

@article{Bjorklund&Vorobyov:2007,
	Author = bjorklund #{ and }# vorobyov,
	Journal = {Discrete Applied Mathematics},
	Pages = {210--229},
	Title = {A Combinatorial Strongly Subexponential Strategy Improvement Algorithm for Mean Payoff Games},
	Volume = {155},
	Year = 2007}

@inproceedings{Busatto&Monmege&Reynier:2017,
	Author = busatto #{ and }# monmege #{ and }# reynier,
	Booktitle = fossacs,
	Pages = {162--178},
	Publisher = springer,
	Series = lncs,
	Title = {Optimal Reachability in Divergent Weighted Timed Games},
	Volume = {10203},
	Year = 2017}

@article{Comin&Rizzi:2017,
	Author = comin # { and } # rizzi,
	Journal = {Algorithmica},
	Number = {4},
	Pages = {995--1021},
	Title = {Improved Pseudo-polynomial Bound for the Value Problem and Optimal Strategy Synthesis in Mean Payoff Games},
	Volume = {77},
	Year = 2017}

@article{Ehrebfeucht&Mycielski:1979,
	Author = ehrenfeucht #{ and }# mycielski,
	Journal = ijgt,
	Number = {2},
	Pages = {109--113},
	Title = {Positional Strategies for Mean Payoff Games},
	Volume = {8},
	Year = 1979}

@book{Filar&Vrieze:1996,
	Author = filar #{ and }# vrieze,
	Publisher = springer,
	Title = {Competitive {M}arkov Decision Processes},
	Year = 1996}

@article{Jurdzinski:1998,
	Author = jurdzinski,
	Journal = ipl,
	Number = {3},
	Pages = {119--124},
	Title = {Deciding the Winner in Parity Games Is in UP $\cap$ co-UP},
	Volume = {68},
	Year = 1998}

@article{Karp:1978,
	Author = karp,
	Journal = discrete_maths,
	Pages = {309--311},
	Title = {A Characterization of the Minimum Cycle Mean in a Digraph},
	Volume = 23,
	Year = 1978
}

@article{Khachiyan&al:2008,
	Author = khachiyan #{ and }# boros #{ and }# borys #{ and }# elbassioni #{ and }# gurvich #{ and }# rudolf #{ and }# zhao,
	journal = tcs2,
	Pages = {204--233},
	Title = {On Short Paths Interdiction Problems: Total and Node-Wise Limited Interdiction},
	Volume = {43},
	Year = 2008}

@article{Lifshits&Pavlov:2007,
	Author = lifshits # { and } # pavlov,
	Journal = {Journal of Mathematical Sciences},
	Number = {3},
	Pages = {4967--4974},
	Title = {Potential theory for mean payoff games},
	Volume = {145},
	Year = 2007}

@phdthesis{Puri:1995,
	Author = puri,
	School = berkeley,
	Title = {Theory of Hybrid Systems and Discrete Event Systems},
	Year = 1995}

@article{Zwick&Paterson:1996,
	Author = zwick #{ and }# paterson,
	Journal = tcs,
	Pages = {343--359},
	Title = {The Complexity of Mean Payoff Games},
	Volume = {158},
	Year = 1996}

