@article{Arnold&Crubillé:1988,
  author    = arnold #{ and }# crubille,
  title     = {A Linear Algorithm to Solve Fixed-Point Equations on Transition Systems},
  journal   = ipl,
  volume    = {29},
  number    = {2},
  pages     = {57--66},
  year      = 1988}

@article{Beeri&Bernstein:1979,
  author    = beeri #{ and }# bernstein,
  title     = {Computational Problems Related to the Design of Normal Form Relational Schemas},
  journal   = acmtds,
  volume    = {4},
  number    = {1},
  pages     = {30--59},
  year      = 1979}

@inproceedings{Buchi:1962,
	Author = buchi,
	Booktitle = clmps # {60},
	Pages = {1--11},
	Publisher = sup,
	Title = {On a decision method in restricted second-order arithmetic},
	Year = 1962}

@inproceedings{Dziembowski&Jurdzinski&Walukiewicz:1997,
	Author = dziembowski #{ and }# jurdzinski #{ and }# walukiewicz,
	Booktitle = lics # {97},
	Pages = {99--110},
	Publisher = ieee,
	Title = {How Much Memory is Needed to Win Infinite Games?},
	Year = 1997}

@inproceedings{Emerson&Jutla:1988,
	Author = emerson #{ and }# jutla,
	Booktitle = focs # {88},
	Pages = {328--337},
	Publisher = ieee,
	Title = {The Complexity of Tree Automata and Logics of Programs},
	Year = 1988}

@inproceedings{Emerson&Jutla:1991,
	Author = emerson #{ and }# jutla,
	Booktitle = focs # {91},
	Pages = {368--377},
	Publisher = ieee,
	Title = {Tree Automata, $\mu$-Calculus and Determinacy},
	Year = 1991}

@inproceedings{Gimbert&Zielonka:2004,
	Author = gimbert #{ and }# zielonka,
	Booktitle =  mfcs # {04},
	Pages = {686--698},
	Publisher = springer,
	Series = lncs,
	Title = {When Can You Play Positionally?},
	Volume = 3153,
	Year = 2004}

@inproceedings{Gimbert&Zielonka:2005,
	Author = gimbert #{ and }# zielonka,
	Booktitle = concur # {05},
	Pages = {428--442},
	Publisher = springer,
	Series = lncs,
	Title = {Games Where You Can Play Optimally Without Any Memory},
	Volume = 3653,
	Year = 2005}

@article{Hausdorff:1914,
	Author = hausdorff,
	Journal = {Leipzig},
	Title = {Grundz{\"u}ge der {M}engenlehre},
	Year = 1914}

@inproceedings{Horn:2008,
	Author = horn,
	Booktitle = fsttcs # {08},
	Pages = {235--243},
	Publisher = dagstuhl,
	Series = lipics,
	Title = {Explicit Muller Games are PTIME},
	Volume = 2,
	Year = 2008}

@inproceedings{Horn:2009,
	Author = horn,
	Booktitle = stacs # {09},
	Pages = {541--552},
	Publisher = dagstuhl,
	Series = lipics,
	Title = {Random Fruits on the Zielonka Tree},
	Volume = 3,
	Year = 2009}

@inproceedings{Hunter&Dawar:2005,
	Author = hunter #{ and }# dawar,
	Booktitle = mfcs # {05},
	Pages = {495--506},
	Publisher = springer,
	Series = lncs,
	Title = {Complexity Bounds for Regular Games},
	Volume = 3618,
	Year = 2005}

@inproceedings{Kopczynski:2006,
	Author = kopczynski,
	Booktitle = icalp # {06},
	Pages = {336--347},
	Publisher = springer,
	Series = lncs,
	Title = {Half-Positional Determinacy of Infinite Games},
	Volume = 4052,
	Year = 2006}

@phdthesis{Kopczynski:2008,
	Author = kopczynski,
	School = warsaw,
	Title = {Half-positional Determinacy of Infinite Games},
	Year = 2008}

@inproceedings{Mostowski:1984,
	Author = mostowski,
	Booktitle = computationth,
	Title = {Regular Expressions for Infinite Trees and a Standard Form of Automata},
	Year = 1984}

@techreport{Mostowski:1991,
	Author = mostowski,
	Institution = {University of Gdansk},
	Number = 78,
	Title = {Games with Forbidden Positions},
	Year = 1991}

@article{McNaughton:1993,
	Author = mcnaughton,
	Journal = apal,
	Number = 2,
	Pages = {149--184},
	Title = {Infinite Games Played on Finite Graphs},
	Volume = 65,
	Year = 1993}

@inproceedings{Muller:1963,
	author = muller,
	title = {Infinite Sequences and Finite Machines},
	year = {1963},
	publisher = ieee,
	booktitle = {Proceedings of the Fourth Annual Symposium on Switching Circuit Theory and Logical Design},
	pages = {3–16},
	numpages = {14},
	series = {SWCT ’63}
}

@techreport{Streett:1981,
	Author = streett,
	Institution = mit,
	Number = 263,
	Title = {A Propositional Dynamic Logic of Looping and Converse},
	Year = 1981}

@inproceedings{Thomas:1995,
	Author = thomas,
	Booktitle = stacs # {95},
	Pages = {1--13},
	Publisher = springer,
	Series = lncs,
	Title = {On the Synthesis of Strategies in Infinite Games},
	Volume = 900,
	Year = 1995}

@article{Wagner:1979,
  author    = wagner,
  title     = {On omega-Regular Sets},
  journal   = ic,
  volume    = {43},
  number    = {2},
  pages     = {123--177},
  year      = 1979}

@article{Walukiewicz:2002,
  author    = walukiewicz,
  title     = {Monadic second-order logic on tree-like structures},
  journal   = tcs,
  volume    = {275},
  number    = {1-2},
  pages     = {311--346},
  year      = 2002}

@article{Zielonka:1998,
	Author = zielonka,
	Journal = tcs,
	Number = {1--2},
	Pages = {135-183},
	Publisher = elsevier,
	Title = {Infinite Games on Finitely Coloured Graphs with Applications to Automata on Infinite Trees},
	Volume = 200,
	Year = 1998}

