@article{Bernet&Janin&Walukiewicz:2002,
	Author = bernet #{ and }# janin #{ and }# walukiewicz,
	Journal = ita,
	Number = 3,
	Pages = {261--275},
	Title = {Permissive strategies: from parity games to safety games},
	Volume = 36,
	Year = 2002}

@Booklet{Bojanczyk&Czerwinski:2018,
  author = 	 bojanczyk #{ and }# czerwinski,
  title = 	 {An Automata Toolbox},
  month = 	 {February},
  year = 	 2018}

@article{Buchi:1983,
  author    = buchi,
  title     = {State-Strategies for Games in {F}sigma {G}delta},
  journal   = jsl,
  volume    = {48},
  number    = {4},
  pages     = {1171--1198},
  year      = 1983}

@InProceedings{Calude&Jain&al:2017,
  author    = calude #{ and }# jain #{ and }# khoussainov #{ and }# li #{ and }# stephan,
  title     = {Deciding parity games in quasipolynomial time},
  booktitle = stoc # {17},
  pages     = {252--263},
  year      = 2017}

@inproceedings{Colcombet&Fijalkow:2019,
  author    = colcombet #{ and }# fijalkow,
  title     = {Universal Graphs and Good for Games Automata: New Tools for Infinite Duration Games},
  booktitle = fossacs # {19},
  pages     = {1--26},
  year      = 2019}

@inproceedings{Stirling&Walker:1989,
  author    = stirling #{ and }# walker,
  title     = {Local Model Checking in the Modal Mu-Calculus},
  booktitle = tapsoft # {89},
  pages     = {369--383},
  year      = 1989}

@inproceedings{Czerwinski&Daviaud&al:2018,
  author    = czerwinski #{ and }# daviaud #{ and }# fijalkow #{ and }# jurdzinski #{ and }# lazic #{ and }# parys,
  title     = {Universal trees grow inside separating automata: Quasi-polynomial lower bounds for parity games},
  booktitle = soda # {19},
  year      = 2019}

@inproceedings{Emerson&Jutla&Sistla:1993,
	Author = emerson #{ and }# jutla #{ and }# sistla,
	Booktitle = cav # {93},
	Pages = {385--396},
	Publisher = springer,
	Series = lncs,
	Title = {On Model-Checking for Fragments of $\mu$-Calculus},
	Volume = 697,
	Year = 1993}

@article{Fijalkow:2018,
  author    = fijalkow,
  title     = {An Optimal Value Iteration Algorithm for Parity Games},
  journal   = {CoRR},
  volume    = {abs/1801.09618},
  year      = 2018}

@inproceedings{Fearnley:2017,
  author    = fearnley,
  title     = {Efficient Parallel Strategy Improvement for Parity Games},
  booktitle = cav # {17},
  pages     = {137--154},
  year      = 2017}

@InProceedings{Fearnley&Jain&al:2017,
  author = 	 fearnley #{ and }# jain #{ and }# schewe #{ and }# stephan #{ and }# wojtczak,
  title = 	 {An ordered approach to solving parity games in quasi polynomial time and quasi linear space},
  booktitle =    spin # {17},
  pages = 	 {112--121},
  year = 	 2017}

@article{Friedmann:2011,
  author    = friedmann,
  title     = {An Exponential Lower Bound for the Latest Deterministic Strategy Iteration Algorithms},
  journal   = lmcs,
  volume    = {7},
  number    = {3},
  year      = 2011}

@inproceedings{Jurdzinski:2000,
  author    = jurdzinski,
  title     = {Small Progress Measures for Solving Parity Games},
  booktitle = stacs # {00},
  pages     = {290--301},
  year      = 2000}

@article{Jurdzinski&Paterson&Zwick:2008,
  author    = jurdzinski #{ and }# paterson #{ and }# zwick,
  title     = {A Deterministic Subexponential Algorithm for Solving Parity Games},
  journal   = sicomp,
  volume    = {38},
  number    = {4},
  pages     = {1519--1532},
  year      = 2008}

@InProceedings{Jurdzinski&Lazic:2017,
  author       = jurdzinski #{ and }# lazic,
  title        = {Succinct progress measures for solving parity games},
  booktitle    = lics # {17},
  year         = 2017}

@article{Jurdzinksi&Morvan:2020,
  author    = jurdzinski #{ and }# morvan,
  title     = {A Universal Attractor Decomposition Algorithm for Parity Games},
  journal   = {CoRR},
  volume    = {abs/2001.04333},
  year      = 2020}

@inproceedings{Klarlund&Kozen:1991,
  author    = klarlund #{ and }# kozen,
  title     = {Rabin Measures and Their Applications to Fairness and Automata Theory},
  booktitle = lics # {91},
  pages     = {256--265},
  year      = 1991}

@inproceedings{Lehtinen:2018,
  author    = lehtinen,
  title     = {A modal-$\mu$ perspective on solving parity games in quasi-polynomial time},
  booktitle = lics # {18},
  pages     = {639--648},
  year      = 2018}

@article{Lehtinen&Schewe&Wojtczak:2019,
  author    = lehtinen #{ and }# schewe #{ and }# wojtczak,
  title     = {Improving the complexity of Parys' recursive algorithm},
  journal   = {CoRR},
  volume    = {abs/1904.11810},
  year      = 2019}

@inproceedings{Parys:2019,
  author    = parys,
  title     = {Parity Games: Zielonka's Algorithm in Quasi-Polynomial Time},
  booktitle = mfcs # {19},
  pages     = {10:1--10:13},
  year      = 2019}

@inproceedings{Parys:2020,
  author    = parys,
  title     = {Parity Games: Another View on Lehtinen's Algorithm},
  booktitle = csl # {20},
  pages     = {32:1--32:15},
  year      = 2020}

@inproceedings{Voge&Jurdzinski:2000,
  author    = voge #{ and }# jurdzinski,
  title     = {A Discrete Strategy Improvement Algorithm for Solving Parity Games},
  booktitle = cav # {00},
  pages     = {202--215},
  year      = 2000}

@article{Streett&Emerson:1989,
  Author    = streett #{ and }# emerson,
  title     = {An Automata Theoretic Decision Procedure for the Propositional Mu-Calculus},
  journal   = ic,
  volume    = {81},
  number    = {3},
  pages     = {249--264},
  year      = 1989}

@inproceedings{Streett&Emerson:1984,
  Author    = streett #{ and }# emerson,
  Booktitle = icalp # {84},
  Title     = {The Propositional Mu-Calculus is Elementary},
  Year      = 1984}

@inproceedings{Walukiewicz:1996,
	Author = walukiewicz,
	Booktitle = cav # {96},
	Pages = {62--74},
	Publisher = springer,
	Series = lncs,
	Title = {Pushdown Processes: Games and Model Checking},
	Volume = 1102,
	Year = 1996}


